=LDR  01316aam a2200229   4500
=001  8796
=008  240308s2004\\\\||||||||\m|||\00|\0beng\d
=041  \\$aeng
=100  \\$aKnop, Keith$912075$4aut
=245  \\$aFrom Venice to St. Petersburg and Back Again:$bThe Sacred Music of Baldassara Galuppi and the Mutability of Eighteenth-Century Style
=260  \\$aTallahassee, FL$bFlorida State University$c2004
=590  \\$aA thesis submitted to the Florida State University School of Music in partial fulfillment of the requirements for the degree of Master of Music
=600  \0$aGaluppi, Baldassare$d1706-1785$1http://www.wikidata.org/entity/Q208338$95847
=610  \0$aOspedali (Venice, Italy)$1http://www.wikidata.org/entity/Q2512875$926196
=648  \0$a18th Century (1701-1800)$1http://www.wikidata.org/entity/Q7015$920899
=650  \0$aChurch music$1http://www.wikidata.org/entity/Q8812109$92283
=650  \0$aCatholicism$1http://www.wikidata.org/entity/Q1841$921631
=651  \0$aVenice (Italy)$1http://www.wikidata.org/entity/Q641$91
=651  \0$aSaint Petersburg (Russia)$1http://www.wikidata.org/entity/Q656$923056
=942  \\$cBOO
=952  \\$00$10$2ddc$40$6BIO_GALU_E$70$8BIO$98787$aORPH$bORPH$cKTS1_P$d2020-07-08$eKoopman$i30C26$oBIO GALU e$p20121212$r2021-01-12 00:00:00$w2021-01-12$yBOO$OKoopman
=999  \\$d8796

