=LDR  01148acm a2200229   4500
=001  8797
=008  210420s1957\\\\\\\|||||\||||\00|\0\ger\d
=041  \\$ager
=100  \\$aSchering, Arnold$d1877-1941$4edt$1http://www.wikidata.org/entity/Q67576$97759
=245  \\$aAusgewählte Kirchenkantaten
=260  \\$aWiesbaden$bBreitkopf & Härtel$c1957
=490  \\$aDenkmäler deutscher Tonkunst$v58-59
=648  \0$a17th Century (1601-1700)$1http://www.wikidata.org/entity/Q7016$920923
=648  \0$a18th Century (1701-1800)$1http://www.wikidata.org/entity/Q7015$920899
=650  \0$aLute$1http://www.wikidata.org/entity/Q180733$93944
=650  \0$aCantata$1http://www.wikidata.org/entity/Q174873$921603
=700  \\$4cmp$aKnüpfer, Sebastian$d1633-1676$1http://www.wikidata.org/entity/Q71496$921296
=700  \\$4cmp$aKuhnau, Johann$d1660-1722$1http://www.wikidata.org/entity/Q157359$95086
=700  \\$4cmp$aSchelle, Johann$d1648-1701$1http://www.wikidata.org/entity/Q449311$921297
=942  \\$cSCO
=952  \\$00$10$2ddc$40$70$8SCO$98788$aORPH$bORPH$cKTS1_P$d2020-07-08$eKoopman$iWG.0013-58/59$l0$p20121559$r2021-01-12 00:00:00$w2021-01-12$ySCO
=999  \\$d8797

