=LDR  01829aam a2200289   4500
=001  8800
=005  20250926134855.0
=008  240212s1973\\\\||||||||\m|||\00|\0\ger\d
=041  \\$ager
=100  \\$aKobayashi, Y.$912078$4aut
=245  \\$aFranz Hauser und seine Bach-Handschriftensammlung
=260  \\$aGöttingen$bGeorg-August-Universität Göttingen$c1973
=500  \\$aDoctoral dissertation
=500  \\$aMost of Hauser's autograph manuscripts by Bach (including 19 cantatas, the accompanied sonatas for violin, and the English suites for keyboard) were acquired by the Berlin Royal Library in 1904. Others were destroyed in 1945. Parts of his collection are also in the Darmstadt Landesbibliothek and the Harvard University Loeb Music Library. 
=561  \\$aEx libris Alfred Dürr, who annotated it
=600  \0$aHauser, Franz$d1794-1870$1http://www.wikidata.org/entity/Q95177112$911898
=600  \0$aBach, Johann Sebastian$d1685-1750$1http://www.wikidata.org/entity/Q1339$94766
=610  \0$aStaatsbibliothek zu Berlin (Germany)$1http://www.wikidata.org/entity/Q170109$91572
=610  \0$aUniversitäts- und Landesbibliothek Darmstadt (Germany)$1http://www.wikidata.org/entity/Q1806348$927092
=610  \0$aLoeb Music Library (Harvard University, Cambridge, MA, USA)$1http://www.wikidata.org/entity/Q102114826$927093
=648  \0$a18th Century (1701-1800)$1http://www.wikidata.org/entity/Q7015$920899
=650  \0$aManuscript$1http://www.wikidata.org/entity/Q87167$92275
=650  \0$aLibrary$1http://www.wikidata.org/entity/Q7075$94229
=651  \0$aFreiburg im Breisgau (Germany)$1http://www.wikidata.org/entity/Q2833$924418
=942  \\$cBOO
=952  \\$00$10$2ddc$40$6BIO_BACH1_E$70$8BIO$98791$aORPH$bORPH$cKTS1_P$d2020-07-08$eKoopman$i38E41$oBIO BACH1 e$p20120359$r2021-01-12 00:00:00$w2021-01-12$yBOO
=999  \\$d8800

