=LDR  00670    a2200157   4500
=001  8803
=008  210830s1981\\\\\\\|||||\||||\00|\0\ger\d
=020  \\$a3487070863
=100  \\$aKoch, Heinrich Christoph$d1749-1816$4aut$1http://www.wikidata.org/entity/Q87294$94830
=245  \\$aKurzgefaßtes Handwörterbuch der Musik,$bfür praktische Tonkünstler und für Dilettanten
=260  \\$c1981$aHildesheim$bOlms
=300  \\$a369-xxii pages
=534  \\$cLeipzig, Johann Freidrich Hartknoch, 1807
=942  \\$cBOO
=952  \\$00$10$2ddc$40$6REF_1_000000000000000$70$8REF$98794$aORPH$bORPH$cKM12_1$d2020-07-08$eKoopman$i20D44$oREF1$p20125299$r2021-01-12 00:00:00$w2021-01-12$yBOO
=999  \\$d8803

