=LDR  01046    a2200217   4500
=001  8804
=008  211115s1980\\\\gw\ha|||\||||\00|\0\ger\d
=041  \\$ager
=100  \\$aKoch, Hans Oskar$d1945-$4aut$922819
=245  \\$aSonderformen der Blasinstrumente in der deutscher Musik vom späten 17. bis zur Mitte des 18. Jahrhunderts
=260  \\$c1980$aHeidelberg$bRuprecht-Karl Universität zu Heidelberg
=300  \\$a250 pages
=336  \\$aprinted
=500  \\$aInaugural Dissertation zur Erlangung der Doktorwürde der Philosophischen Fakultätät
=648  \0$a17th Century (1601-1700)$1http://www.wikidata.org/entity/Q7016$920923
=648  \0$a18th Century (1701-1800)$1http://www.wikidata.org/entity/Q7015$920899
=650  \0$aOrganology$1http://www.wikidata.org/entity/Q899293$921400
=650  \0$aWind instrument$1http://www.wikidata.org/entity/Q173453$94615
=942  \\$cBOO
=952  \\$00$10$2ddc$40$6INS_6D_KOCH$70$8INS$98795$aORPH$bORPH$cKTS0$d2020-07-08$eKoopman$i23D04$oINS6d KOCH$p20128616$r2021-01-12 00:00:00$w2021-01-12$yBOO
=999  \\$d8804

