=LDR  00374    a2200109   4500
=001  8807
=100  \\$aKoch, Klaus-Peter$912084
=245  \\$aReinhard Keiser. Leben und Werk
=260  \\$c2000
=942  \\$cBOO
=952  \\$00$10$2ddc$40$6BIO_KEIS1_D$70$8BIO$98798$aORPH$bORPH$cKTS1_P$d2020-07-08$eKoopman$i28E42$oBIO KEIS1 d$p20121392$r2021-01-12 00:00:00$w2021-01-12$yBOO$OKoopman
=999  \\$c8807$d8807

