=LDR  01051aab a2200217   4500
=001  8808
=005  20250925143258.0
=008  241212s1976\\\\||||||||\||||\00|\0bger\d
=100  \\$aKoch, Klaus-Dietrich$914927$4aut
=245  \\$aBruno Grusnick und der Lübecker Sing- und Spielkreis
=260  \\$c1976
=500  \\$aOffprint from Der Wagen, 1976. See also the copy of the complete journal reprinted in 2010 (25E10)
=600  \0$aGrusnick, Bruno$d1900-1992$914925
=600  \0$aBuxtehude, Dietrich$d1637-1707$1http://www.wikidata.org/entity/Q153637$910062
=648  \0$a20th Century (1901-2000)$1http://www.wikidata.org/entity/Q6927$920936
=650  \0$aMusicologist$1http://www.wikidata.org/entity/Q14915627$92342
=650  \0$aConcert$1http://www.wikidata.org/entity/Q182832$921044
=651  \0$aLübeck (Germany)$1http://www.wikidata.org/entity/Q2843$9125
=942  \\$cBOO
=952  \\$00$10$2ddc$40$6BIO_GRUS_E$70$8BIO$98799$aORPH$bORPH$cKTS1_P$d2020-07-08$eKoopman$i28D58$l0$oBIO GRUS e$p20123551$r2021-01-12 00:00:00$w2021-01-12$yBOO$OKoopman
=999  \\$d8808

