=LDR  01070nam a2200265 cb4500
=001  8809
=005  20251003085457.0
=008  920526s1989\\\\\\\\\\\\\||||\00|||\gerod
=020  \\$a391001903X
=040  \\$aOI
=041  0\$ager
=100  1\$aKoch, Klaus-Peter$4aut
=245  10$aVerzeichnis der Werke Samuel Scheidts (SSWV)
=246  13$aSSWV
=260  \\$aHalle an der Saale$bHändel-Haus$c1989
=300  \\$a96 pages
=490  1\$aSchriften des Händel-Hauses in Halle$v6
=600  \0$aScheidt, Samuel$d1587-1654$1http://www.wikidata.org/entity/Q169291$96474
=648  \0$a17th Century (1601-1700)$1http://www.wikidata.org/entity/Q7016$920923
=650  \0$aComposer$1http://www.wikidata.org/entity/Q36834$93625
=650  \0$aCatalogue$1http://www.wikidata.org/entity/Q2352616$921484
=651  \0$aHalle (Saale, Germany)$1http://www.wikidata.org/entity/Q2814$921799
=942  \\$cBOO
=952  \\$00$10$2ddc$40$6BIO_SCHE2_C$70$8BIO$98800$aORPH$bORPH$cKTS1_P$d2020-07-08$eKoopman$i22C37$l0$oBIO SCHE2 c$p20125692$r2021-01-12 00:00:00$w2021-01-12$yBOO$OKoopman
=999  \\$d8809

