=LDR  01607cam a2200289 a 4500
=001  8810
=005  20250121142124.0
=008  900529s1989\\\\gw\ag\\\\b\\\\000\0dger\\
=020  \\$a3890853560
=040  \\$aOI
=041  0\$ager
=100  \\$aKoch, Michael$4aut$912087
=245  14$aDie Oratorien Johann Adolf Hasses:$bÜberlieferung und Struktur
=260  \\$aPfaffenweiler$bCentaurus$c1989
=300  \\$a2 vols.$btables, music$c21 cm
=490  1\$aMusikwissenschaftliche Studien$x0931-3095$v14
=504  \\$aIncludes bibliographical references (p. 381-390).
=505  0\$a1. Teilbd. Wirkungsgeschichte, Überlieferung und Gestalt der Oratorien -- 2. Teilbd. Quellenbeschreibungen, Texte und Aufführungsverzeichnis.
=600  \0$aHasse, Johann Adolf$d1699-1783$1http://www.wikidata.org/entity/Q164732$94966
=648  \0$a18th Century (1701-1800)$1http://www.wikidata.org/entity/Q7015$920899
=650  \0$aOratorio$1http://www.wikidata.org/entity/Q85477$91825
=651  \0$aVenice (Italy)$1http://www.wikidata.org/entity/Q641$91
=651  \0$aDresden (Germany)$1http://www.wikidata.org/entity/Q1731$947
=942  \\$cBOO
=952  \\$00$10$2ddc$31. Teilbd. Wirkungsgeschichte, Überlieferung und Gestalt der Oratorien$40$6BIO_HASS2_E$70$8BIO$98801$aORPH$bORPH$cKTS1_P$d2020-07-08$eKoopman$i32G12-1$oBIO HASS2 e$p20122818$r2021-01-12 00:00:00$w2021-01-12$yBOO
=952  \\$00$10$2ddc$32. Teilbd. Quellenbeschreibungen, Texte und Aufführungsverzeichnis$40$6BIO_HASS2_E$70$8BIO$98802$aORPH$bORPH$cKTS1_P$d2020-07-08$eKoopman$i32G12-2$oBIO HASS2 e$p20122817$r2021-01-12 00:00:00$w2021-01-12$yBOO
=999  \\$d8810

