=LDR  01494nam a2200313 i 4500
=001  8812
=005  20250826173051.0
=008  760609r19761869gw\\\\\\\\\\\\001\0\ger\\
=015  \\$aGFR***
=020  \\$a3487059185
=040  \\$aOI
=041  \\$ager
=100  \\$aKöchel, Ludwig von$d1800-1877$1http://www.wikidata.org/entity/Q78529$4auc$912089
=245  14$aDie Kaiserliche Hof-Musikkapelle in Wien von 1543-1867
=260  \\$aHildesheim$aNew York$bOlms$c1976
=300  \\$a160 pages$c19 cm.
=610  \0$aHouse of Habsburg$1http://www.wikidata.org/entity/Q65968$922829
=648  \0$a16th Century (1501-1600)$1http://www.wikidata.org/entity/Q7017$920944
=648  \0$a17th Century (1601-1700)$1http://www.wikidata.org/entity/Q7016$920923
=648  \0$a18th Century (1701-1800)$1http://www.wikidata.org/entity/Q7015$920899
=648  \0$a19th Century (1801-1900)$1http://www.wikidata.org/entity/Q6955$920935
=650  \0$aMusic history$1http://www.wikidata.org/entity/Q846047$921373
=650  \0$aCourt$1http://www.wikidata.org/entity/Q1134237$922191
=650  \0$aCappella$1http://www.wikidata.org/entity/Q19902156$922910
=650  \0$aOrchestra$1http://www.wikidata.org/entity/Q42998$93159
=651  \0$aVienna (Austria)$1http://www.wikidata.org/entity/Q1741$920937
=942  \\$cBOO
=952  \\$00$10$2ddc$40$6TOP_AT_VIE_4_000000000000000$70$8TOP$98803$aORPH$bORPH$cKTS0$d2020-07-08$eKoopman$i19D22$l0$oTOP AT.VIE 4$p20127845$r2021-01-12 00:00:00$w2021-01-12$yBOO$OKoopman
=999  \\$d8812

