=LDR  00411    a2200109   4500
=001  8813
=100  \\$aKodály, Zoltán$d1882-1967$1http://www.wikidata.org/entity/Q153008$916181
=245  \\$aVoyage en Hongrie
=260  \\$cs.d.
=942  \\$cBOO
=952  \\$00$10$2ddc$40$6BIO_KODA_A$70$8BIO$98804$aORPH$bORPH$cKTS1_P$d2020-07-08$eKoopman$i22F09$l0$oBIO KODA a$p20145712$r2021-01-12 00:00:00$w2021-01-12$yBOO$OKoopman
=999  \\$c8813$d8813

