=LDR  01023    a2200217   4500
=001  8814
=008  220516m19741976|||a||||\||||\00|\0\ger\d
=020  \\$a3764307080
=041  \\$ager
=100  \\$aCranach, Lucas$d1472-1553$4art$1http://www.wikidata.org/entity/Q191748$913730
=245  \\$aLukas Cranach:$bGemälde, Zeichnungen, Druckgraphik
=260  \\$aBasel$bBirkhäuser$c1974
=300  \\$a2 vols.
=648  \0$a16th Century (1501-1600)$1http://www.wikidata.org/entity/Q7017$920944
=650  \0$aFine art$1http://www.wikidata.org/entity/Q219625$921579
=651  \0$aGermany$1http://www.wikidata.org/entity/Q183$9155
=700  \\$4edt$aKoepplin, D.$912091
=942  \\$cBOO
=952  \\$00$10$2ddc$3Band I$40$6BIO_CRAN_A$70$8BIO$98805$aORPH$bORPH$cKTS1_P$d2020-07-08$eKoopman$i31C25-1$oBIO CRAN a$p20123245$r2021-01-12 00:00:00$w2021-01-12$yBOO
=952  \\$00$10$2ddc$3Band II$40$6BIO_CRAN_A$70$8BIO$98806$aORPH$bORPH$cKTS1_P$d2020-07-08$eKoopman$i31C25-2$oBIO CRAN a$p20123244$r2021-01-12 00:00:00$w2021-01-12$yBOO
=999  \\$d8814

