=LDR  00360    a2200109   4500
=001  8816
=100  \\$aKohl, W.$912092
=245  \\$aChristoph Bernhard von Galen
=260  \\$c1964
=942  \\$cBOO
=952  \\$00$10$2ddc$40$6BIO_GALE_E$70$8BIO$98807$aORPH$bORPH$cKTS1_P$d2020-07-08$eKoopman$i31F03$oBIO GALE e$p20123171$r2021-01-12 00:00:00$w2021-01-12$yBOO$OKoopman
=999  \\$c8816$d8816

