=LDR  00636aam a2200169   4500
=001  8817
=008  250902s1943\\\\||||||||\||||\00|\0\dut\d
=041  \\$adut
=100  \\$aKok, A. A.$912093$4aut
=245  \\$aAmsterdamsche woonhuizen
=260  \\$aAmsterdam$bde Lange$c1943
=490  \\$aHeemschutserie$v12
=650  \0$aArchitecture$1http://www.wikidata.org/entity/Q12271$93185
=651  \0$aAmsterdam (Netherlands)$1http://www.wikidata.org/entity/Q727$9135
=942  \\$cBOO
=952  \\$00$10$2ddc$40$6TOP_NL_AMS$70$8TOP$98808$aORPH$bORPH$cKTS0$d2020-07-08$eKoopman$l0$oTOP NL.AMS$p20125721$r2021-01-12 00:00:00$w2021-01-12$yBOO$OKoopman
=999  \\$d8817

