=LDR  01380cam a22003137i 4500
=001  8819
=005  20250120120038.0
=008  161005s2016\\\\ne\ac\\\\b\\\\001\0\dut\\
=020  \\$a9789087045425 (paperback)
=020  \\$a9087045425 (paperback)
=040  \\$aOI$beng$erda
=041  \\$adut
=100  \\$aKok, Erna$4aut$912094
=245  10$aNetwerkende kunstenaars in de Gouden Eeuw:$bde succesvolle loopbanen van Govert Flinck en Ferdinand Bol
=264  \1$aHilversum$bVerloren$c2016
=300  \\$a108 pages$billustrations (chiefly color), portraits (chiefly color). ;$c20 cm.
=336  \\$atext$2rdacontent
=337  \\$aunmediated$2rdamedia
=338  \\$avolume$2rdacarrier
=490  0\$aZeven Provinciën-reeks$v36
=600  \0$aFlinck, Govaert$d1615-1660$1http://www.wikidata.org/entity/Q550401$912095
=600  \0$aBol, Ferdinand$d1616-1680$1http://www.wikidata.org/entity/Q374039$912096
=648  \0$a17th Century (1601-1700)$1http://www.wikidata.org/entity/Q7016$920923
=650  \0$aPortrait$1http://www.wikidata.org/entity/Q134307$92622
=650  \0$aFine art$1http://www.wikidata.org/entity/Q219625$921579
=651  \0$aNetherlands$1http://www.wikidata.org/entity/Q55$9173
=942  \\$cBOO
=952  \\$00$10$2ddc$40$6BIO_FLIN_D$70$8BIO$98810$aORPH$bORPH$cKTS1_P$d2020-07-08$eKoopman$i47D42$oBIO FLIN d$p20123673$r2021-01-12 00:00:00$w2021-01-12$yBOO
=999  \\$d8819

