=LDR  01037nam a2200241 a 4500
=001  8820
=005  20250120120113.0
=008  931207s1992\\\\ne\ab\\\\b\\\\001\0\dut\\
=020  \\$a9066930403
=040  \\$aOI
=041  \\$adut
=100  \\$aKokhuis, G. J. I.$912097$4aut
=245  13$aDe geschiedenis van Salland:$btot en met de Tweede Wereldoorlog
=260  \\$aOldenzaal$bTwents-Gelderse Uitgeverij Witkam-De Bruyn$c1992
=300  \\$a200 pages$billustrations, maps$c29 cm
=504  \\$aIncludes bibliographical references (p. 182-185) and index.
=648  \0$1http://www.wikidata.org/entity/Q192630$aPast$922196
=650  \0$aWorld War II (1939-1945)$1http://www.wikidata.org/entity/Q362$93004
=650  \0$aHistory$1http://www.wikidata.org/entity/Q309$921403
=651  \0$aSalland (Netherlands)$1http://www.wikidata.org/entity/Q771808$9106
=942  \\$cBOO
=952  \\$00$10$2ddc$40$6TOP_NL_SAL$70$8TOP$98811$aORPH$bORPH$cKTS0$d2020-07-08$eKoopman$i22A04$oTOP NL.SAL$p20125628$r2021-01-12 00:00:00$w2021-01-12$yBOO$OKoopman
=999  \\$d8820

