=LDR  00366    a2200109   4500
=001  8823
=100  \\$aKolb$912098
=245  \\$aKalender 2006
=260  \\$c2006
=942  \\$cBOO
=952  \\$00$10$2ddc$40$6VIS_KALE_2006_000000000000000$70$8VIS$98814$aORPH$bORPH$cKTS1_H$d2020-07-08$eKoopman$i34C31$l0$oVIS KALE 2006$p20130312$r2021-01-12 00:00:00$w2021-01-12$yBOO$OKoopman
=999  \\$c8823$d8823

