=LDR  00366    a2200109   4500
=001  8825
=100  \\$aKolb$912098
=245  \\$aKalender 2009
=260  \\$c2009
=942  \\$cBOO
=952  \\$00$10$2ddc$40$6VIS_KALE_2009_000000000000000$70$8VIS$98816$aORPH$bORPH$cKTS1_H$d2020-07-08$eKoopman$i38E36$l0$oVIS KALE 2009$p20130295$r2021-01-12 00:00:00$w2021-01-12$yBOO$OKoopman
=999  \\$c8825$d8825

