=LDR  00396    a2200121   4500
=001  8827
=020  \\$a9783898657839
=100  \\$aKolb$912098
=245  \\$aKalender 2003
=260  \\$c2003
=942  \\$cBOO
=952  \\$00$10$2ddc$40$6VIS_KALE_2003_000000000000000$70$8VIS$98818$aORPH$bORPH$cKTS1_H$d2020-07-08$eKoopman$i44C21$l0$oVIS KALE 2003$p20126649$r2021-01-12 00:00:00$w2021-01-12$yBOO$OKoopman
=999  \\$c8827$d8827

