=LDR  00366    a2200109   4500
=001  8832
=100  \\$aKolb$912098
=245  \\$aKalender 2017
=260  \\$c2017
=942  \\$cBOO
=952  \\$00$10$2ddc$40$6VIS_KALE_2017_000000000000000$70$8VIS$98823$aORPH$bORPH$cKTS1_H$d2020-07-08$eKoopman$i47A26$l0$oVIS KALE 2017$p20123756$r2021-01-12 00:00:00$w2021-01-12$yBOO$OKoopman
=999  \\$c8832$d8832

