=LDR  00366    a2200109   4500
=001  8833
=100  \\$aKolb$912098
=245  \\$aKalender 2011
=260  \\$c2011
=942  \\$cBOO
=952  \\$00$10$2ddc$40$6VIS_KALE_2011_000000000000000$70$8VIS$98824$aORPH$bORPH$cKTS1_H$d2020-07-08$eKoopman$i25E11$l0$oVIS KALE 2011$p20129362$r2021-01-12 00:00:00$w2021-01-12$yBOO$OKoopman
=999  \\$c8833$d8833

