=LDR  00366    a2200109   4500
=001  8834
=100  \\$aKolb$912098
=245  \\$aKalender 2008
=260  \\$c2008
=942  \\$cBOO
=952  \\$00$10$2ddc$40$6VIS_KALE_2008_000000000000000$70$8VIS$98825$aORPH$bORPH$cKTS1_H$d2020-07-08$eKoopman$i41F27$l0$oVIS KALE 2008$p20130258$r2021-01-12 00:00:00$w2021-01-12$yBOO$OKoopman
=999  \\$c8834$d8834

