=LDR  01158    a2200289   4500
=001  8835
=005  20251003085457.0
=008  211027b\\\\\\\\||||||||\||||\00|\0\\\\\d
=020  \\$a1852001896651
=041  \\$ager
=100  \\$aKolb, Hubert$4aut$912099
=245  \\$aTastenspiele
=260  \\$c2014
=300  \\$a50 pages
=336  \\$aprinted
=561  \\$aEx Libris Ton Koopman
=590  \\$aTon Koopman zum Geburstag 2014
=648  \0$a17th Century (1601-1700)$1http://www.wikidata.org/entity/Q7016$920923
=648  \0$a18th Century (1701-1800)$1http://www.wikidata.org/entity/Q7015$920899
=648  \0$a19th Century (1801-1900)$1http://www.wikidata.org/entity/Q6955$920935
=650  \0$aIconography$1http://www.wikidata.org/entity/Q208145$921259
=650  \0$aKeyboard instrument$1http://www.wikidata.org/entity/Q52954$92849
=650  \0$aApplied arts$1http://www.wikidata.org/entity/Q2865882$921627
=650  \0$aCatalogue$1http://www.wikidata.org/entity/Q2352616$921484
=942  \\$cBOO
=952  \\$00$10$2ddc$40$6INS_3A$70$8INS$98826$aORPH$bORPH$cKTS0$d2020-07-08$eKoopman$i42E34$oINS3a$p20122014$r2021-01-12 00:00:00$w2021-01-12$yBOO
=999  \\$d8835

