=LDR  00385    a2200121   4500
=001  8836
=020  \\$a3927296309
=100  \\$aKolb, N.$912100
=245  \\$aFranz Joseph Spiegler
=260  \\$c1991
=942  \\$cBOO
=952  \\$00$10$2ddc$40$6BIO_SPIE1_D$70$8BIO$98827$aORPH$bORPH$cKTS1_P$d2020-07-08$eKoopman$i33E33$l0$oBIO SPIE1 d$p20120956$r2021-01-12 00:00:00$w2021-01-12$yBOO$OKoopman
=999  \\$c8836$d8836

