=LDR  01521cam a2200289 a 4500
=001  8841
=005  20251003085457.0
=008  060609s2006\\\\gw\ag\\\\b\\\\001\0dger\d
=020  \\$a3937788042 (pbk.)
=040  \\$aOI
=041  \\$ager
=100  \\$aKollmar, Ulrike$4aut$912107
=245  10$aGottlob Harrer (1703-1755), Kapellmeister des Grafen Heinrich von Brühl am sächsisch-polnischen Hof und Thomaskantor in Leipzig.$bMit einem Werkverzeichnis und einem Katalog der Notenbibliothek Harrers
=260  \\$aBeeskow$bOrtus$c2006
=300  \\$a402 pages$bill., music ;$c24 cm.
=490  \\$aSchriften zur mitteldeutschen Musikgeschichte der Ständigen Konferenz Mitteldeutsche Barockmusik in Sachsen, Sachsen-Anhalt und Thüringen e.V.$v12
=502  \\$aThesis (doctoral)--Technische Universtität, Dresden, 2002.
=504  \\$aIncludes bibliographical references and index.
=600  \0$aHarrer, Gottlob$d1703-1755$1http://www.wikidata.org/entity/Q97577$912109
=610  \0$aThomasschule (Leipzig, Germany)$1http://www.wikidata.org/entity/Q699668$91465
=650  \0$aComposer$1http://www.wikidata.org/entity/Q36834$93625
=650  \0$aConductor$1http://www.wikidata.org/entity/Q158852$93134
=650  \0$aCatalogue$1http://www.wikidata.org/entity/Q2352616$921484
=651  \0$aGermany$1http://www.wikidata.org/entity/Q183$9155
=942  \\$cBOO
=952  \\$00$10$2ddc$40$6BIO_HARR_D$70$8BIO$98832$aORPH$bORPH$cKTS1_P$d2020-07-08$eKoopman$i34E29$oBIO HARR d$p20120798$r2021-01-12 00:00:00$w2021-01-12$yBOO
=999  \\$d8841

