=LDR  00823aam a2200181   4500
=001  8842
=008  220812s1955\\\\|||g||||\||||\00|\0\ger\d
=041  \\$ager
=100  \\$aKolneder, Walter$d1910-1994$4aut$1http://www.wikidata.org/entity/Q1168436$912113
=245  \\$aAufführungspraxis bei Vivaldi
=260  \\$aLeipzig$bBreitkopf & Härtel$c1955
=300  \\$a122 pages
=600  \0$aVivaldi, Antonio$d1678-1741$1http://www.wikidata.org/entity/Q1340$911980
=648  \0$a18th Century (1701-1800)$1http://www.wikidata.org/entity/Q7015$920899
=650  \0$aHistorically informed performance$1http://www.wikidata.org/entity/Q1344860$920980
=942  \\$cBOO
=952  \\$00$10$2ddc$40$6BIO_VIVA_E$70$8BIO$98833$aORPH$bORPH$cKTS1_P$d2020-07-08$eKoopman$i23B32$oBIO VIVA e$p20128527$r2021-01-12 00:00:00$w2021-01-12$yBOO$OKoopman
=999  \\$d8842

