=LDR  02113cam a2200373 i 4500
=001  8845
=005  20251103124736.0
=008  771011s1977\\\\gw\\\\\\\b\\\\001\0\ger\\
=015  \\$aGFR77-A
=020  \\$a3795901782
=040  \\$aOI
=041  \\$ager
=100  \\$aKolneder, Walter$d1910-1994$4aut$1http://www.wikidata.org/entity/Q1168436$912113
=245  14$aDie Kunst der Fuge:$bMythen des 20. Jahrhunderts
=246  \1$aDie Kunst der Fuge:$bMythen d. 20. Jh.
=250  \\$a1st ed.
=260  \\$aWilhelmshaven$bHeinrichshofen$c1977
=300  \\$a5 vols in 4 (1052 pages)$c18 cm
=490  \\$aTaschenbücher zur Musikwissenschaft$v42-45
=504  \\$aBibliography: p. 847-944.
=505  0\$gT. 1. Entstehung und Erstdruck.--T. 2. Analysen.--T. 3. Spezialuntersuchungen.--T. 4. Kritische Chronologie.--T. 5. Die Aufführungen.
=600  \0$aBach, Johann Sebastian$d1685-1750$1http://www.wikidata.org/entity/Q1339$94766
=648  \0$a18th Century (1701-1800)$1http://www.wikidata.org/entity/Q7015$920899
=650  \0$aFugue$1http://www.wikidata.org/entity/Q181014$93142
=650  \0$aMusic history$1http://www.wikidata.org/entity/Q846047$921373
=650  \0$aMusical analysis$1http://www.wikidata.org/entity/Q1544924$92775
=650  \0$aChronology$1http://www.wikidata.org/entity/Q130788$922826
=650  \0$aMusical interpretation$1http://www.wikidata.org/entity/Q1668139$94533
=942  \\$cBOO
=952  \\$00$10$2ddc$3Teil 1 und 2$40$6BIO_BACH1_E$70$8BIO$98834$aORPH$bORPH$cKTS1_P$d2020-07-08$eKoopman$i31D22$oBIO BACH1 e$p20121064$r2021-01-12 00:00:00$w2021-01-12$yBOO
=952  \\$00$10$2ddc$3Teil 3$40$6BIO_BACH1_E$70$8BIO$98835$aORPH$bORPH$cKTS1_P$d2020-07-08$eKoopman$i31D22$oBIO BACH1 e$p20121063$r2021-01-12 00:00:00$w2021-01-12$yBOO
=952  \\$00$10$2ddc$3Teil 4$40$6BIO_BACH1_E$70$8BIO$98836$aORPH$bORPH$cKTS1_P$d2020-07-08$eKoopman$i31D22$oBIO BACH1 e$p20121062$r2021-01-12 00:00:00$w2021-01-12$yBOO
=952  \\$00$10$2ddc$3Teil 5$40$6BIO_BACH1_E$70$8BIO$98837$aORPH$bORPH$cKTS1_P$d2020-07-08$eKoopman$i31D22$oBIO BACH1 e$p20121061$r2021-01-12 00:00:00$w2021-01-12$yBOO
=999  \\$d8845

