=LDR  00768    a2200193   4500
=001  8847
=008  221128s1993\\\\no\a||||\||||\00|\0\nno\d
=020  \\$a8299295300
=041  \\$anor
=100  \\$aKolnes, Stein Johannes$d-1952$4aut$912115
=245  \\$aNorsk Orgelregister 1328-1992
=260  \\$c1993$aFørdesfjorden$bOrganum Forlag
=300  \\$a509 pages
=650  \0$aOrgan$1http://www.wikidata.org/entity/Q1444$92810
=650  \0$aOrganology$1http://www.wikidata.org/entity/Q899293$921400
=651  \0$aNorway$1http://www.wikidata.org/entity/Q20$921700
=942  \\$cBOO
=952  \\$00$10$2ddc$40$6INS_3_000000000000000_1A_NO$70$8INS$98838$aORPH$bORPH$cKTS0$d2020-07-08$eKoopman$i42D07$l0$oINS3.1a NO$p20122060$r2021-01-12 00:00:00$w2021-01-12$yTYPE_UNK$OKoopman
=999  \\$d8847

