=LDR  00914cam a2200217 a 4500
=001  8848
=005  20250120120101.0
=008  880610s1987\\\\no\a\\\\\b\\\\001\0\nor\\
=041  0\$anor
=100  \\$aKolnes, Stein Johannes$d-1952$4aut$912115
=245  10$aNorsk orgelkultur.$bInstrument og miljø frå mellomalderen til i dag
=260  \\$aOslo$bDet Norske samlaget$c1987
=300  \\$a304 pages$bill. $c25 cm
=490  \\$aNorsk kulturarv
=504  \\$aIncludes bibliographical references (p. 281-[282]) and indexes.
=650  \0$aOrgan$1http://www.wikidata.org/entity/Q1444$92810
=650  \0$aOrganology$1http://www.wikidata.org/entity/Q899293$921400
=651  \0$aNorway$1http://www.wikidata.org/entity/Q20$921700
=942  \\$cBOO
=952  \\$00$10$2ddc$40$6INS_3_000000000000000_1A_NO$70$8INS$98839$aORPH$bORPH$cKTS0$d2020-07-08$eKoopman$i42G25$oINS3.1a NO$p20120023$r2021-01-12 00:00:00$w2021-01-12$yBOO
=999  \\$d8848

