=LDR  00353    a2200109   4500
=001  8849
=100  \\$aKölsch, N.$912116
=245  \\$aNicolaus Bruhns
=260  \\$c1958
=942  \\$cBOO
=952  \\$00$10$2ddc$40$6BIO_BRUH_D$70$8BIO$98840$aORPH$bORPH$cKTS1_P$d2020-07-08$eKoopman$i32C29$l0$oBIO BRUH d$p20122892$r2021-01-12 00:00:00$w2021-01-12$yBOO$OKoopman
=999  \\$c8849$d8849

