=LDR  00788cam a2200205 a 4500
=001  8851
=005  20250120120124.0
=008  980917s1998\\\\ne\\\\\\\\\\\\000\0\dut\c
=020  \\$a9035119592
=020  \\$a9035119126 (paperback)
=040  \\$aOI
=100  \\$aKomrij, Gerrit.$912118
=245  10$aIn liefde bloeyende :$bde Nederlandse poëzie van de twaalfde tot en met de twintigste eeuw in honderd en enige gedichten /$cGerrit Komrij.
=250  \\$a4. druk.
=260  \\$aAmsterdam :$bB. Bakker,$c1998.
=300  \\$a378 p. ;$c21 cm.
=942  \\$cBOO
=952  \\$00$10$2ddc$40$6LIT_KOMR_A$70$8LIT$98842$aORPH$bORPH$cKM12_2_H$d2020-07-08$eKoopman$i22B13$oLIT KOMR a$p20134013$r2021-01-12 00:00:00$w2021-01-12$yBOO
=999  \\$c8851$d8851
=650  \0$aPoetry$1http://www.wikidata.org/entity/Q482$93026

