=LDR  00474    a2200145   4500
=001  8853
=020  \\$a3492032648
=041  \\$ager
=100  \\$aKondraschin, K.$4aut$912120
=245  \\$aDie Kunst des Dirigierens
=260  \\$c1989$aMünchen$bPiper
=300  \\$a239 pages
=942  \\$cBOO$2ddc
=952  \\$00$10$2ddc$40$6MTP_2_000000000000000_KOND$70$8MTP$98844$aORPH$bORPH$cKM12_1$d2020-07-08$eKoopman$i21E56$l0$oMTP 2 KOND$p20125428$r2021-01-12 00:00:00$w2021-01-12$yBOO
=999  \\$c8853$d8853

