=LDR  01190cam a2200241 a 4500
=001  8856
=008  940510s1992\\\\gw\af\\\\b\\\\001\0\ger\d
=041  \\$ager
=100  \\$aKönner, Klaus$4aut$912124
=245  14$aDer süddeutsche Orgelprospekt des 18. Jahrhunderts.$bEntstehungsprozess und künstlerische Arbeitsweisen bei der Ausstattung barocker Kirchenräume 
=246  18$aSüddeutsche Orgelprospekt
=260  \\$aTübingen $bE. Wasmuth$c1992
=300  \\$a431 pages-[134] leaves of plates $bill.$c27 cm
=490  \\$aTübinger Studien zur Archäologie und Kunstgeschichte 
=504  \\$aIncludes bibliographical references (p. [403]-414) and index.
=650  \0$aOrgan$1http://www.wikidata.org/entity/Q1444$92810
=650  \0$aArchitecture$1http://www.wikidata.org/entity/Q12271$93185
=650  \0$aBaroque$1http://www.wikidata.org/entity/Q37853$921255
=650  \0$aChurch$1http://www.wikidata.org/entity/Q16970$93776
=651  \0$aGermany$1http://www.wikidata.org/entity/Q183$9155
=942  \\$cBOO
=952  \\$00$10$2ddc$40$6INS_3_100000000000000_A_DE$70$8INS$98847$aORPH$bORPH$cKTS0$d2020-07-08$eKoopman$i29D35$oINS 3.1 a DE$p20121332$r2021-01-12 00:00:00$w2021-01-12$yBOO
=999  \\$d8856

