=LDR  00936aam a2200205   4500
=001  8858
=005  20251002103816.0
=008  250428s1943\\\\||||||||\||||\00|\0\dut\d
=041  \\$adut
=100  \\$aKooiman, W. J.$912126$4aut
=245  \\$aLuther's kerklied in de Nederlanden
=260  \\$aAmsterdam$b't Koggeschip$c1943
=600  \0$aLuther, Martin$d1483-1546$1http://www.wikidata.org/entity/Q9554$94999
=650  \0$aChurch music$1http://www.wikidata.org/entity/Q8812109$1http://www.wikidata.org/entity/Q1065742$92283
=650  \0$aLutheranism$1http://www.wikidata.org/entity/Q75809$923975
=650  \0$aSong$1http://www.wikidata.org/entity/Q7366$94164
=651  \0$aNetherlands$1http://www.wikidata.org/entity/Q55$1http://www.wikidata.org/entity/Q29999$9173
=942  \\$cBOO
=952  \\$00$10$2ddc$40$6TOP_NL$70$8TOP$98849$aORPH$bORPH$cKTS0$d2020-07-08$eKoopman$l0$oTOP NL$p20127135$r2021-01-12 00:00:00$w2021-01-12$yBOO$OKoopman
=999  \\$d8858

