=LDR  01093aam a2200217   4500
=001  8860
=008  250325s1949\\\\|||cg|||\b|||\00|\0bdut\d
=041  \\$adut
=100  \\$aKoole, Arend$1http://www.wikidata.org/entity/Q91116639$919667$4aut
=245  \\$aLeven en werken van Pietro Antonio Locatelli da Bergamo 1695-1764$b"Italiaans musycqmeester tot Amsterdam"
=260  \\$c1949$aAmsterdam$bJasonpers
=300  \\$a291 pages
=600  \0$aLocatelli, Pietro Antonio$d1695-1764$1http://www.wikidata.org/entity/Q702722$912443
=648  \0$a18th Century (1701-1800)$1http://www.wikidata.org/entity/Q7015$920899
=650  \0$aBiography$1http://www.wikidata.org/entity/Q36279$91927
=650  \0$aMusic history$1http://www.wikidata.org/entity/Q846047$921373
=650  \0$aComposer$1http://www.wikidata.org/entity/Q36834$93625
=651  \0$aAmsterdam (Netherlands)$1http://www.wikidata.org/entity/Q727$9135
=942  \\$cBOO
=952  \\$00$10$2ddc$40$6BIO_LOCA_D$70$8BIO$98851$aORPH$bORPH$cKTS1_P$d2020-07-08$eKoopman$i32F17$l0$oBIO LOCA d$p20123086$r2021-01-12 00:00:00$w2021-01-12$yBOO$OKoopman
=999  \\$d8860

