=LDR  00366    a2200109   4500
=001  8861
=100  \\$aKoopman-Thurlings$912129
=245  \\$aVers un autre fantastique
=260  \\$c1995
=942  \\$cBOO
=952  \\$00$10$2ddc$40$6BIO_TOUR_E$70$8BIO$98852$aORPH$bORPH$cKTS1_P$d2020-07-08$eKoopman$i43G22$oBIO TOUR e$p20126784$r2021-01-12 00:00:00$w2021-01-12$yBOO$OKoopman
=999  \\$c8861$d8861

