=LDR  01100nam a2200241 a 4500
=001  8864
=005  20250820130240.0
=008  860714s1985\\\\ne\a\\\\\b\\\\001\0\dut\\
=020  \\$a9031306584
=041  \\$adut
=100  \\$aKoopman, Ton$d1944-$4aut$1http://www.wikidata.org/entity/Q445121$910491
=245  10$aBarokmuziek:$bTheorie en praktijk
=260  \\$aUtrecht$aAntwerp$bBohn, Scheltema & Holkema$c1985
=300  \\$avii-184 pages
=648  \0$a17th Century (1601-1700)$1http://www.wikidata.org/entity/Q7016$920923
=648  \0$a18th Century (1701-1800)$1http://www.wikidata.org/entity/Q7015$920899
=650  \0$aMusic theory$1http://www.wikidata.org/entity/Q193544$92662
=650  \0$aHistorically informed performance$1http://www.wikidata.org/entity/Q1344860$920980
=650  \0$aMethod$1http://www.wikidata.org/entity/Q2250960$921402
=651  \0$aEurope$1http://www.wikidata.org/entity/Q46$991
=942  \\$cBOO
=952  \\$00$10$2ddc$40$6TRE_KOOP$70$8TRE$98855$aORPH$bORPH$cKTS1_H$d2020-07-08$eKoopman$i30F47$l1$oTRE KOOP$p20123285$r2024-01-03 00:00:00$s2022-10-17$w2021-01-12$yBOO
=999  \\$d8864

