=LDR  00906    a2200193   4500
=001  8866
=008  210407s2008\\\\\\\|||||\||||\00|\0\dut\d
=020  \\$a9789077541067
=041  \\$adut
=100  \\$aKoopman, Ton$d1944-$4aut$1http://www.wikidata.org/entity/Q445121$910491
=245  \\$aAuthenticiteit in de historische uitvoeringspraktijk van de oude muziek
=260  \\$c2008$aLeiden$bFaculteit der Kunsten, Universiteit Leiden
=300  \\$a19 pages
=490  \\$aKunst & Wetenschap$v5
=650  \0$aHistorically informed performance$1http://www.wikidata.org/entity/Q1344860$920980
=942  \\$cBOO
=952  \\$00$10$2ddc$40$6TRE_KOOP$70$8TRE$98857$aORPH$bORPH$cKTS1_H$d2020-07-08$eKoopman$i35E29$l0$oTRE KOOP$p20122483$r2021-01-12 00:00:00$w2021-01-12$yBOO
=952  \\$00$10$2ddc$40$6TRE_KOOP$70$8TRE$920024$aORPH$bORPH$cKTS1_H$d2020-07-08$l0$oTRE KOOP$p20134857$r2021-04-07 00:00:00$w2021-04-07$yBOO
=999  \\$d8866

