=LDR  01196aam a2200277   4500
=001  8867
=005  20250926134855.0
=008  211122s2016\\\\\\\|||||\||||\00|\sddut\d
=020  \\$a9789035253421
=041  \\$adut
=100  \\$aKoopman, Ton$d1944-$4aut$1http://www.wikidata.org/entity/Q445121$910491
=245  \\$aBach en zijn zangers
=260  \\$aAmsterdam$bElsevier$c2016
=490  \\$aHuizinga-lezing
=600  \0$aBach, Johann Sebastian$d1685-1750$1http://www.wikidata.org/entity/Q1339$94766
=648  \0$a18th Century (1701-1800)$1http://www.wikidata.org/entity/Q7015$920899
=650  \0$aSinging$1http://www.wikidata.org/entity/Q27939$92767
=650  \0$aSinger$1http://www.wikidata.org/entity/Q177220$93915
=650  \0$aVocal music$1http://www.wikidata.org/entity/Q685884$93319
=650  \0$aChoir$1http://www.wikidata.org/entity/Q131186$93338
=650  \0$aChoral-orchestral setup$923009
=651  \0$aGermany$1http://www.wikidata.org/entity/Q183$9155
=700  \\$4win$aWinssen, T. van$923004
=942  \\$cBOO
=952  \\$00$10$40$6BIO_BACH1_E$70$98858$aORPH$bORPH$cKTS1_P$d2020-07-08$eKoopman$i46E23$oBIO BACH1 e$p20126944$r2021-01-12 00:00:00$w2021-01-12$yBOO$OKoopman
=999  \\$d8867

