=LDR  01812cam a2200265 i 4500
=001  8868
=005  20250926134855.0
=008  170415s2017\\\\be\\\\\\\b\\\\000\0\dut\\
=020  \\$a9789463370561
=040  \\$aOI
=041  \\$adut
=100  \\$4edt$aOpdebeeck, Hendrik$d-1955$912133
=245  00$aTroost in muziek:$been polyfone blik op de Mattheuspassie
=264  \1$aKalmthout$bPelckmans Pro$c2017
=300  \\$a206 pages$c22 cm
=504  \\$aIncludes bibliographical references.
=505  0\$aWoord vooraf / Ton Koopman -- Ons passioneel zoeken naar troost in muzike / Hendrik Opdebeeck -- Troost als geborgenheid / Philippe Herreweghe -- In de nabijheid van stilte is er troost / Sigiswald Kuijken -- Bachs Mattheuspassie / Jos van Veldhoven -- Muziek versus woord / Bart Naessens -- De tekst onder de passie / Peter Schmidt -- De troostende Bach / Kees van Houten -- OMG? / Werner Trio -- Kan muziek de zeden verzachten? / Hendrik Opdebeeck -- De Mattheuspassie / Etienne Vermeersch -- En passie voor Bach / Jan Christiaens -- Kan muziek onze spirituele honger stillen? / Sigiswald Kuijken -- De passie van het christendom / Willem Lemmens -- Paradoxen / Bernard de Cock -- Epiloog / Wannes Gyselinck.
=590  \\$aHendrik Opdebeeck (red.) ; met een woord vooraf door Ton Koopman.
=600  \0$aBach, Johann Sebastian$d1685-1750$1http://www.wikidata.org/entity/Q1339$94766
=648  \0$a18th Century (1701-1800)$1http://www.wikidata.org/entity/Q7015$920899
=650  \0$aPassion$1http://www.wikidata.org/entity/Q781815$92006
=700  \\$aKoopman, Ton$d1944-$4win$1http://www.wikidata.org/entity/Q445121$910491
=942  \\$cBOO
=952  \\$00$10$40$6BIO_BACH1_E$70$8BIO$98859$aORPH$bORPH$cKTS1_P$d2020-07-08$eKoopman$i47C02$oBIO BACH1 e$p20123748$r2021-01-12 00:00:00$w2021-01-12$yBOO$OKoopman
=999  \\$d8868

