=LDR  01327cam a2200301 a 4500
=001  8870
=005  20250120120346.0
=008  920618s1991\\\\ne\\\\\\\b\\\\001\0\dut\\
=020  \\$z9051832874
=040  \\$aOI
=041  \\$adut$hfre
=100  \\$aZoet, Jan$d1609-1674$4aut$1http://www.wikidata.org/entity/Q1843540$912138
=245  14$aEen kijk op anekdotencollecties in de zeventiende eeuw:$bHet leven en bedrijf van Clément Marot
=260  \\$aAmsterdam$aAtlanta$bRodopi$c1991
=300  \\$a370 pages$c23 cm
=490  1\$aAtlantis$v3
=504  \\$aIncludes bibliographical references (p. 333-370) and indexes.
=600  \0$aMarot, Clément$d1496-1544$1http://www.wikidata.org/entity/Q108926$95914
=648  \0$a17th Century (1601-1700)$1http://www.wikidata.org/entity/Q7016$920923
=650  \0$aBiography$1http://www.wikidata.org/entity/Q36279$91927
=650  \0$aWriter$1http://www.wikidata.org/entity/Q36180$93885
=650  \0$aHumor$1http://www.wikidata.org/entity/Q35874$93936
=651  \0$aFrance$1http://www.wikidata.org/entity/Q142$9131
=700  \\$aKoopmans, Jelle$4edt$912135
=700  \\$aVerhuyck, Paul$4edt$912136
=942  \\$cBOO
=952  \\$00$10$2ddc$40$6BIO_MARO_E$70$8BIO$98861$aORPH$bORPH$cKTS1_P$d2020-07-08$eKoopman$i38D06$l0$oBIO MARO e$p20122402$r2021-01-12 00:00:00$w2021-01-12$yBOO
=999  \\$d8870

