=LDR  00904cam a2200217 a 4500
=001  8873
=008  091218s2009\\\\gw\agh\\\b\\\\001\0\ger\d
=020  \\$a9783761819210
=020  \\$a3761819218
=041  \\$ager
=100  \\$aKöpp, Kai$4aut$912140
=245  10$aHandbuch historische Orchesterpraxis.$bBarock - Klassik - Romantik
=260  \\$aKassel$aNew York$bBärenreiter$c2009
=300  \\$a377 pages.
=504  \\$aIncludes bibliographical references and index.
=650  \0$aHistorically informed performance$1http://www.wikidata.org/entity/Q1344860$920980
=650  \0$aOrchestra$1http://www.wikidata.org/entity/Q42998$93159
=650  \0$aEarly music$1http://www.wikidata.org/entity/Q436016$93160
=942  \\$cBOO
=952  \\$00$10$2ddc$40$6MTP_2_000000000000000_KOPP$70$8MTP$98864$aORPH$bORPH$cKM12_1$d2020-07-08$eKoopman$i43B18$l0$oMTP 2 KOPP$p20127234$r2021-01-12 00:00:00$w2021-01-12$yBOO
=999  \\$d8873

