=LDR  00895    a2200193   4500
=001  8876
=008  210930e1972\\\\hr\f||||\||||\00|\0\ger\d
=041  \\$ager
=245  \\$aMusikinstrumente im Mittelalterlichen Kroatien.$bBeitrag zur allgemeinen Organographie der Musikinstrumente und zur mittelalterlichen Musikgeschichte
=260  \\$c1972$aZagreb$bMusikwissenschaftliches Institut der Musikakademie
=300  \\$a180 pages
=561  \\$aEx Libris Ton Koopman
=648  \0$aMiddle Ages (500-1400)$1http://www.wikidata.org/entity/Q12554$920964
=650  \0$aOrganology$1http://www.wikidata.org/entity/Q899293$921400
=651  \0$aCroatia$1http://www.wikidata.org/entity/Q224$922359
=700  \\$4aut$aKos, Koraljka$912143
=942  \\$cBOO
=952  \\$00$10$2ddc$40$6INS_1A_HR$70$8INS$98867$aORPH$bORPH$cKTS0$d2020-07-08$eKoopman$i46D38$oINS1a HR$p20127669$r2021-01-12 00:00:00$w2021-01-12$yBOO
=999  \\$d8876

