=LDR  01005aam a2200229   4500
=001  8878
=008  230608s2013\\\\|||a||||\b|||\001\0dger\d
=020  \\$a9783937788319
=041  \\$ager
=100  \\$aKoska, Bernd$912145$4aut
=245  \\$aDie Geraer Hofkapelle zu Beginn des 18. Jahrhunderts
=260  \\$aBeeskow$bOrtus musikverlag$c2013
=300  \\$a[vi]-173 pages
=490  \\$aForum Mitteldeutsche Barockmusik$v3
=648  \0$1http://www.wikidata.org/entity/Q7015$a18th Century (1701-1800)$920899
=650  \0$1http://www.wikidata.org/entity/Q1134237$aCourt$922191
=650  \0$1http://www.wikidata.org/entity/Q19902156$aCappella$922910
=650  \0$1http://www.wikidata.org/entity/Q846047$aMusic history$921373
=651  \0$1http://www.wikidata.org/entity/Q3750$aGera (Germany)$926298
=942  \\$cBOO
=952  \\$00$10$2ddc$40$6TOP_DE_GER_5_000000000000000$70$8TOP$98869$aORPH$bORPH$cKTS0$d2020-07-08$eKoopman$i45E06$l0$oTOP DE.GER 5$p20127484$r2021-01-12 00:00:00$w2021-01-12$yBOO$OKoopman
=999  \\$d8878

