=LDR  02717cam a2200445 a 4500
=001  8879
=005  20250121142124.0
=008  090224s2006\\\\gw\a\\\\\b\\\\001\0\ger\d
=010  \\$a  2009383606
=015  \\$a07,A01,1373$2dnb
=015  \\$a06,N44,0540$2dnb
=016  7\$a981480128$2DE-101
=020  \\$a9783874374880
=020  \\$a3874374882
=035  \\$a(OCoLC)ocm90999728
=040  \\$aKOM$beng$cKOM$dHMU$dHEBIS$dOCLCQ$dDLC
=042  \\$alccopycat
=043  \\$ae-gx---
=100  \\$aKospoth, Otto Carl Erdmann von$d1753-1817$1http://www.wikidata.org/entity/Q2038404$912146
=245  10$aVon Berlin nach München und Venedig :$bTagebuch einer musikalischen Reise von Berlin über Dresden, Bayreuth und Nürnberg nach Augsburg, München, Innsbruck und Venedig, April bis Dezember 1783 /$cOtto Carl Erdmann von Kospoth ; herausgegeben von Carl-Christian Graf von Kospoth ; Eingeleitet und kommentiert von Robert Münster.
=246  15$aBerlin - München - Venedig, Tagebuch einer musikalischen Reise von Berlin über München nach Venedig
=246  18$aMusikalische Reise
=260  \\$aWeissenhorn :$bAnton H. Konrad,$cc2006.
=300  \\$a143 p. :$bill. (chiefly col.) ;$c23 x 25 cm.
=490  1\$aSchwäbische Geschichtsquellen und Forschungen ;$vBd. 26
=504  \\$aIncludes bibliographical references (p. 134-135) and indexes.
=505  0\$aVorwort / Carl-Christian Graf von Kospoth -- Der Komponist und Kavalier Otto Carl Erdmann von Kospoth : sein Leben und seine "Musikalische Reise nach Venedig" / Robert Münster -- Werkverzeichnis -- Das Reisetagebuch des Otto Carl Erdmann von Kospoth aus dem Jahre 1783.
=600  \0$aKospoth, Otto Carl Erdmann von$912148
=648  \0$a18th Century (1701-1800)$1http://www.wikidata.org/entity/Q7015$920899
=650  \0$aTravel$1http://www.wikidata.org/entity/Q61509$94440
=650  \0$aComposer$1http://www.wikidata.org/entity/Q36834$93625
=650  \0$aDiary$1http://www.wikidata.org/entity/Q185598$921711
=651  \0$aGermany$1http://www.wikidata.org/entity/Q183$9155
=700  \\$4edt$aKospoth, Carl-Christian von$cGraf$dfl. 1783$912149$1https://id.oclc.org/worldcat/entity/E39PCjChCCTwc8GvF6g8kb4tYX
=700  \\$4edt$aMünster, Robert$d1928-2021$1http://www.wikidata.org/entity/Q2158321$914961
=776  08$iOnline version:$aKospoth, Otto Carl Erdmann von.$tVon Berlin nach München und Venedig.$dWeissenhorn : Anton H. Konrad, c2006$w(OCoLC)636761358
=830  \0$9676$aSchwäbische Geschichtsquellen und Forschungen ;$v26. Bd.
=942  \\$cBOO
=952  \\$00$10$2ddc$40$6BIO_ERDM_A$70$8BIO$98870$aORPH$bORPH$cKTS1_P$d2020-07-08$eKoopman$i41A04$oBIO ERDM a$p20120213$r2021-01-12 00:00:00$w2021-01-12$yBOO$OKoopman
=999  \\$c8879$d8879

