=LDR  00881cam a2200229u  4500
=001  8880
=005  20250120115850.0
=008  810623s1937\\\\ne\\\\\\\\\\\\000\0\dut\\
=040  \\$aOI
=041  \\$adut
=100  \\$aKossmann, Ernst Ferdinand$d1861-1945$4aut$96599
=245  13$aDe boekhandel te 's-Gravenhage tot het eind van de 18de eeuw
=260  \\$aThe Hague$bNijhoff$c1937
=300  \\$a3 p.$bl., [ix]-xv, [1], 490 p.$c24 cm.
=650  \0$aBooksellers and bookselling$zNetherlands$zHague.
=650  \0$aPublishers and publishing$zNetherlands$zHague.
=650  \0$aPrinting$zNetherlands$zHague.
=906  \\$a0$bcbc$cpremunv$du$encip$f19$gy-gencatlg
=942  \\$cBOO
=952  \\$00$10$2ddc$40$70$8BIB$98871$aORPH$bORPH$cKTS0$d2020-07-08$eKoopman$l0$p20127579$r2021-01-12 00:00:00$w2021-01-12$yBOO
=999  \\$c8880$d8880
=651  \0$aNetherlands$1http://www.wikidata.org/entity/Q55$9173

