=LDR  01707cam a2200361 a 4500
=001  8882
=005  20250120120149.0
=008  030404s2002\\\\gw\g\\\\\b\\\\000\0\ger\d
=010  \\$a  2003458764
=020  \\$a3896393448 (pbk.)
=035  \\$a(OCoLC)ocm51862916
=040  \\$aOHX$cOHX$dZCU$dDLC
=042  \\$alccopycat
=072  \7$aML$2lcco
=072  \7$aBV$2lcco
=100  \\$aKöster, Christina$912152
=245  10$aJohann Rosenmüllers lateinische Psalmvertonungen in starker Besetzung :$bUntersuchungen zu Klang und Struktur /$cChristina Köster.
=246  14$aJohann Rosenmüllers Psalmvertonungen
=260  \\$aAugsburg :$bWissner,$cc2002.
=300  \\$a2 v. :$bmusic ;$c25 cm.
=504  \\$aIncludes bibliographical references (v. 1, p. 275-280).
=505  0\$av.1. Textband - v. 2. Notenband.
=600  \0$aRosenmüller, Johann$dc. 1619-1684$1http://www.wikidata.org/entity/Q372593$910693
=650  \0$aVocal music$1http://www.wikidata.org/entity/Q685884$93319
=650  \0$aPsalm$1http://www.wikidata.org/entity/Q12497663$92164
=650  \0$aVocal music$1http://www.wikidata.org/entity/Q685884$93319
=650  \0$aPsalm$1http://www.wikidata.org/entity/Q12497663$92164
=700  \2$aRosenmüller, Johann$dc. 1619-1684$1http://www.wikidata.org/entity/Q372593$910693
=942  \\$cBOO
=952  \\$00$10$2ddc$40$6BIO_ROSE_E$70$8BIO$98872$aORPH$bORPH$cKTS1_P$d2020-07-08$eKoopman$i33G10-a$oBIO ROSE e$p20122699$r2021-01-12 00:00:00$w2021-01-12$yBOO$OKoopman
=952  \\$00$10$2ddc$40$6BIO_ROSE_E$70$8BIO$98873$aORPH$bORPH$cKTS1_P$d2020-07-08$eKoopman$i33G10-b$oBIO ROSE e$p20122700$r2021-01-12 00:00:00$w2021-01-12$yBOO$OKoopman
=999  \\$c8882$d8882
=490  \\$aCollectanea musicologica ;

