=LDR  01001nam a2200217 a 4500
=001  8883
=005  20251003085457.0
=008  940516s1994\\\\maua\\\\\c\\\\001\0\eng\d
=041  \\$aeng
=110  \\$aMuseum of Fine Arts, Boston (MA, USA)$91671
=245  10$aKeyboard Musical Instruments in the Museum of Fine Arts, Boston
=260  \\$aBoston $bMuseum of Fine Arts, Boston$bDistributed by Northeastern University Press$c1994
=300  \\$axl-368 pages$bill. (some col.) $c31 cm
=504  \\$aIncludes bibliographical references (p. 344-360) and index.
=650  \0$aKeyboard instrument$1http://www.wikidata.org/entity/Q52954$92849
=650  \0$aCatalogue$1http://www.wikidata.org/entity/Q2352616$921484
=651  \0$aBoston (MA, USA)$1http://www.wikidata.org/entity/Q100$921588
=700  \\$aKoster, John$4aut$922667
=942  \\$cBOO
=952  \\$00$10$2ddc$40$6INS_3A_US_BOS$70$8INS$98874$aORPH$bORPH$cKTS0$d2020-07-08$eKoopman$i32B31$oINS3a US.BOS$p20122935$r2021-01-12 00:00:00$w2021-01-12$yBOO
=999  \\$d8883

