=LDR  00370    a2200109   4500
=001  8889
=100  \\$aKraft, G.$912160
=245  \\$aDie thüringische Musikkultur um 1
=260  \\$c1940
=942  \\$cBOO
=952  \\$00$10$2ddc$40$6BIO_STEU_D$70$8BIO$98880$aORPH$bORPH$cKTS1_P$d2020-07-08$eKoopman$i43F11$l0$oBIO STEU d$p20126470$r2021-01-12 00:00:00$w2021-01-12$yBOO$OKoopman
=999  \\$c8889$d8889

