=LDR  00977aam a2200229   4500
=001  8890
=005  20250926134855.0
=008  230329s2000\\\\||||||||\||||\00|\0dger\d
=020  \\$a9039325308
=041  \\$ager
=100  \\$aKramer, T.$912161$4aut
=245  \\$aZahlenfiguren im Werk Johann Sebastian Bachs
=260  \\$aHilversum$c2000
=600  \0$aBach, Johann Sebastian$d1685-1750$1http://www.wikidata.org/entity/Q1339$94766
=648  \0$a18th Century (1701-1800)$1http://www.wikidata.org/entity/Q7015$920899
=650  \0$aMusical analysis$1http://www.wikidata.org/entity/Q1544924$92775
=650  \0$aHermeticism$1http://www.wikidata.org/entity/Q192933$94602
=650  \0$aMathematics$1http://www.wikidata.org/entity/Q395$922612
=651  \0$aGermany$1http://www.wikidata.org/entity/Q183$9155
=942  \\$cBOO
=952  \\$00$10$2ddc$40$6BIO_BACH1_E$70$98881$aORPH$bORPH$cKTS1_P$d2020-07-08$eKoopman$i41F28$oBIO BACH1 e$p20120099$r2021-01-12 00:00:00$w2021-01-12$yBOO
=999  \\$d8890

