=LDR  00981aam a2200217   4500
=001  8891
=008  230602s1968\\\\|||g||||\m|||\00|\0\ger\d
=041  \\$ager
=100  \\$aKramer, Uwe$d1937-$4aut$939686
=245  \\$aDie Courante in der deutschen Orchester- und Klaviermusik des 17. Jahrhunderts
=260  \\$aHamburg$c1968$bUniversität Hamburg
=300  \\$a196 pages
=500  \\$aPhD dissertation
=648  \0$1http://www.wikidata.org/entity/Q7016$a17th Century (1601-1700)$920923
=650  \0$1http://www.wikidata.org/entity/Q664056$aCourante$922190
=650  \0$1http://www.wikidata.org/entity/Q3328774$aOrchestral music$924356
=650  \0$1http://www.wikidata.org/entity/Q105715630$aKeyboard music$921412
=651  \0$1http://www.wikidata.org/entity/Q183$aGermany$9155
=942  \\$cDIS
=952  \\$00$10$2ddc$40$6TOP_DE_5_000000000000000$70$8TOP$98882$aORPH$bORPH$cKTS0$d2020-07-08$eKoopman$i35D22$l0$oTOP DE 5$p20120700$r2021-01-12 00:00:00$w2021-01-12$yDIS$OKoopman
=999  \\$d8891

