=LDR  00370    a2200109   4500
=001  8894
=100  \\$aKrause-Graumnitz, Heinz$912165
=245  \\$aHeinrich Schütz
=260  \\$c1988
=942  \\$cBOO
=952  \\$00$10$2ddc$40$6BIO_SCHU5_D$70$8BIO$98885$aORPH$bORPH$cKTS1_P$d2020-07-08$eKoopman$i32G13-1$l0$oBIO SCHU5 d$p20122816$r2021-01-12 00:00:00$w2021-01-12$yBOO$OKoopman
=999  \\$c8894$d8894

