=LDR  01584cam a2200301 a 4500
=001  8896
=005  20250121142124.0
=008  930819s1991\\\\gw\acfh\\bc\\\000\0bger\\
=020  \\$a3874373096
=040  \\$aOI
=100  \\$aKrause-Pichler, Adelheid$912166
=245  10$aJakob Friedrich Kleinknecht, 1722-1794 :$bein Komponist zwischen Barock und Klassik /$cAdelheid Krause-Pichler ; mit einem Beitrag von Ulrich Schmid "Johann Kleinknecht und seine Söhne, ein Ulmer Musikerfamilie im 18. Jahrhundert".
=260  \\$aWeissenhorn :$bA.H. Konrad,$cc1991.
=300  \\$a248 p. :$bill., ports., pls., music, facsims. ;$c25 cm.
=504  \\$aIncludes bibliographical references (p. 150-152).
=600  \0$aKleinknecht, Jakob Friedrich$d1722-1794$1http://www.wikidata.org/entity/Q324481$912167
=600  \0$aKleinknecht, Jakob Friedrich$d1722-1794$1http://www.wikidata.org/entity/Q324481$912167
=650  \0$aComposer$1http://www.wikidata.org/entity/Q36834$93625
=650  \0$aMusic$92062
=700  \\$aSchmid, Ulrich$912169
=942  \\$cBOO
=952  \\$00$10$2ddc$40$6BIO_KLEI_D$70$8BIO$98887$aORPH$bORPH$cKTS1_P$d2020-07-08$eKoopman$i23F51$l0$oBIO KLEI d$p20128656$r2021-01-12 00:00:00$w2021-01-12$yBOO$OKoopman
=999  \\$c8896$d8896
=490  \\$aVeröffentlichungen der Stadtbibliothek Ulm ;
=651  \0$aGermany$1http://www.wikidata.org/entity/Q183$9155
=648  \0$a18th Century (1701-1800)$1http://www.wikidata.org/entity/Q7015$920899
=650  \0$aMusic history$1http://www.wikidata.org/entity/Q846047$921373
=650  \0$aBiography$1http://www.wikidata.org/entity/Q36279$91927

