=LDR  00653aam a2200169   4500
=001  8897
=005  20250926134855.0
=008  240322s1964\\\\||||||||\c|||\00|\0\ger\d
=041  \\$ager
=100  \\$aKrause, P.$912170$4aut
=245  \\$aHandschriften der Werke Johann Se
=260  \\$aLeipzig$bMusikbibliothek$c1964
=600  \0$aBach, Johann Sebastian$d1685-1750$1http://www.wikidata.org/entity/Q1339$94766
=650  \0$aManuscript$1http://www.wikidata.org/entity/Q87167$92275
=942  \\$cBOO
=952  \\$00$10$2ddc$40$6BIO_BACH1_C$70$8BIO$98888$aORPH$bORPH$cKTS1_P$d2020-07-08$eKoopman$i33A28$oBIO BACH1 c$p20123031$r2021-01-12 00:00:00$w2021-01-12$yBOO
=999  \\$d8897

