=LDR  01268cam a2200265 a 4500
=001  8898
=005  20250121142124.0
=008  891121s1987\\\\gw\agh\\\b\\\\000\0dger\\
=020  \\$a3764923474
=040  \\$aOI
=100  \\$aKrause, Ralf$d-1958$912171
=245  14$aDie Kirchenmusik von Leonardo Leo (1694-1744) :$bein Beitrag zur Musikgeschichte Neapels im 18. Jahrhundert /$cvon Ralf Krause.
=260  \\$aRegensburg :$bG. Bosse,$c1987.
=300  \\$aix, 285 p. :$btabs., music, facsims. ;$c21 cm.
=504  \\$aIncludes bibliographical references (p. 266-271).
=600  \0$aLeo, Leonardo$d1694-1744$1http://www.wikidata.org/entity/Q316735$96214
=650  \0$aChurch music$1http://www.wikidata.org/entity/Q8812109$92283
=650  \0$aChurch music$1http://www.wikidata.org/entity/Q8812109$92283
=650  \0$aCatholicism$1http://www.wikidata.org/entity/Q1841$921631
=942  \\$cBOO
=952  \\$00$10$2ddc$40$6BIO_LEON_E$70$8BIO$98889$aORPH$bORPH$cKTS1_P$d2020-07-08$eKoopman$i30B21$oBIO LEON e$p20123406$r2021-01-12 00:00:00$w2021-01-12$yBOO$OKoopman
=999  \\$c8898$d8898
=490  \\$aKölner Beiträge zur Musikforschung ;
=651  \0$aItaly$1http://www.wikidata.org/entity/Q38$922
=648  \0$a18th Century (1701-1800)$1http://www.wikidata.org/entity/Q7015$920899

