=LDR  01300cam a22002894a 4500
=001  8899
=005  20250120120527.0
=008  050106s2004\\\\ne\a\\\\\b\\\\000\0\dut\\
=020  \\$a9065507930
=040  \\$aOI
=041  \\$adut
=245  00$aLosbandige jeugd:$bjongeren en moraal in de Nederlanden tijdens de late Middeleeuwen en de Vroegmoderne Tijd
=260  \\$aHilversum$bVerloren$c2004
=300  \\$a115 pages$bill.$c24 cm
=504  \\$aIncludes bibliographical references.
=590  \\$aLeendert F. Groenendijk en Benjamin B. Roberts (redactie) ; ingeleid door Ilana Krausman Ben-Amos.
=648  \0$aMiddle Ages (500-1400)$1http://www.wikidata.org/entity/Q12554$920964
=648  \0$aRenaissance (1400-1600)$1http://www.wikidata.org/entity/Q4692$920965
=650  \0$aMoral education$1http://www.wikidata.org/entity/Q25457248$93171
=650  \0$aChild$1http://www.wikidata.org/entity/Q7569$92175
=651  \0$aNetherlands$1http://www.wikidata.org/entity/Q55$9173
=700  \\$aGroenendijk, Leendert F.$4edt$912173
=700  \\$aRoberts, Benjamin B.$d-1965$4edt$912174
=700  \\$aKrausman-Ben Amos, Ilana$4win$922980
=942  \\$cBOO
=952  \\$00$10$2ddc$40$70$8TOP$98890$aORPH$bORPH$cKTS0$d2020-07-08$eKoopman$i33D10$p20122741$r2021-01-12 00:00:00$uTOP NL 3$w2021-01-12$yBOO
=999  \\$d8899

