=LDR  00900    a2200217   4500
=001  8901
=008  220207s1989\\\\au\fa|||\||||\00|\0\ger\d
=020  \\$a3900590117
=041  \\$ager
=100  \\$aKrauss, Egon$4aut$912175
=245  \\$aDie Ebert-Orgel in der Hofkirche zu Innsbruck (1558).$bIhre Geschichte und Wiederherstellung
=260  \\$c1989$aInnsbruck$bHelbling
=300  \\$a80 pages
=336  \\$aprinted
=650  \0$aOrgan$1http://www.wikidata.org/entity/Q1444$92810
=650  \0$aOrganology$1http://www.wikidata.org/entity/Q899293$921400
=650  \0$aChurch$1http://www.wikidata.org/entity/Q16970$93776
=651  \0$aInnsbruck (Austria)$1http://www.wikidata.org/entity/Q1735$921518
=942  \\$cBOO
=952  \\$00$10$2ddc$40$6INS_3_000000000000000_1E_AT_INN$70$8INS$98892$aORPH$bORPH$cKTS0$d2020-07-08$eKoopman$i24A30$oINS3.1e AT.INN$p20128698$r2021-01-12 00:00:00$w2021-01-12$yBOO
=999  \\$d8901

