=LDR  01232aam a2200217   4500
=001  8902
=008  230703s1965\\\\||||||||\||||\00|\0\ger\d
=041  \\$ager
=100  \\$aKrautwurst, Franz$d1923-2015$1http://www.wikidata.org/entity/Q15455261$912176$4aut
=245  \\$aDie Musikalien der Heilsbronner Klosterbibliothek zur Gründungszeit der Fürstenschule
=260  \\$aNuremberg$bHistorischer Verein für Mittelfranken$c1964
=590  \\$aSonderdruck aus dem 82. Jahrbuch der Historischer Verein für Mittelfranken
=610  \0$aKloster Heilsbronn (Germany)$1http://www.wikidata.org/entity/Q882327$939751
=650  \0$1http://www.wikidata.org/entity/Q7075$aLibrary$94229
=650  \0$aMusic history$1http://www.wikidata.org/entity/Q846047$921373
=650  \0$aChurch music$1http://www.wikidata.org/entity/Q8812109$1http://www.wikidata.org/entity/Q1065742$92283
=651  \0$1http://www.wikidata.org/entity/Q427153$aHeilsbronn (Germany)$926365
=651  \0$aBavaria (Germany)$1http://www.wikidata.org/entity/Q980$9228
=942  \\$cBOO
=952  \\$00$10$2ddc$40$6BIB_4_000000000000000_DE_HEI2$70$8BIB$98893$aORPH$bORPH$cKTS0$d2020-07-08$eKoopman$i42E17$l0$oBIB4 DE.HEI2$p20122032$r2021-01-12 00:00:00$w2021-01-12$yBOO$OKoopman
=999  \\$d8902

