=LDR  01085nam a2200253 a 4500
=001  8903
=005  20250120120203.0
=008  950502s1994\\\\ne\a\\\\\bc\\\001\0\dut\\
=020  \\$a9071570444
=040  \\$aOI
=041  0\$adut$bfre$bger
=100  \\$aKreek, Mieke L. de$4aut$912177
=245  13$aDe kerkschat van het Onze-Lieve-Vrouwekapittel te Maastricht
=260  \\$aAmsterdam$bArchitectura & Natura$c1994
=300  \\$a333 pages$bill.$c30 cm
=490  \\$aClavis kunsthistorische monografieën$v14
=504  \\$aIncludes bibliographical references (p. 306-314) and indexes.
=546  \\$aSummary in French and German.
=610  \0$aBasiliek van Onze-Lieve-Vrouw-Tenhemelopneming (Maastricht, Netherlands)$1http://www.wikidata.org/entity/Q908127$91428
=650  \0$aChurch$1http://www.wikidata.org/entity/Q16970$93776
=650  \0$aApplied arts$1http://www.wikidata.org/entity/Q2865882$921627
=942  \\$cBOO
=952  \\$00$10$2ddc$40$6TOP_NL_MAA1$70$8TOP$98894$aORPH$bORPH$cKTS0$d2020-07-08$eKoopman$i28C06$oTOP NL.MAA1$p20121443$r2021-01-12 00:00:00$w2021-01-12$yBOO
=999  \\$d8903

