=LDR  01571cam a2200313 a 4500
=001  8905
=005  20250618164309.0
=008  980317s1997\\\\gw\acgh\\b\\\\001\0bger\\
=020  \\$a3928770934
=040  \\$aOI
=041  \\$ager
=100  \\$aKremer, Joachim$911862$4aut
=245  10$aJoachim Gerstenbüttel (1647-1721) im Spannungsfeld von Oper und Kirche.$bEin Beitrag zur Musikgeschichte Hamburgs
=260  \\$aHamburg$bvon Bockel$c1997
=300  \\$a424 pages$billustration, portraits, music, facsimiles$c21 cm
=490  \\$aMusik der frühen Neuzeit$v1
=504  \\$aIncludes bibliographical references (p. 403-417) and index.
=600  \0$aGerstenbüttel, Joachim$d1647-1721$1http://www.wikidata.org/entity/Q1690103$912179
=648  \0$a17th Century (1601-1700)$1http://www.wikidata.org/entity/Q7016$920923
=648  \0$a18th Century (1701-1800)$1http://www.wikidata.org/entity/Q7015$920899
=650  \0$aComposer$1http://www.wikidata.org/entity/Q36834$93625
=650  \0$aMusic history$1http://www.wikidata.org/entity/Q846047$921373
=650  \0$aBiography$1http://www.wikidata.org/entity/Q36279$91927
=650  \0$aOpera$1http://www.wikidata.org/entity/Q1344 $92468
=650  \0$aChurch music$1http://www.wikidata.org/entity/Q8812109$1http://www.wikidata.org/entity/Q1065742$92283
=651  \0$aHamburg (Germany)$1http://www.wikidata.org/entity/Q1055$921940
=942  \\$cBOO
=952  \\$00$10$2ddc$40$6BIO_GERS_E$70$8BIO$98896$aORPH$bORPH$cKTS1_P$d2020-07-08$eKoopman$i21F22$oBIO GERS e$p20125485$r2021-01-12 00:00:00$w2021-01-12$yBOO$OKoopman
=999  \\$d8905

