=LDR  02190nam a2200349 a 4500
=001  8906
=008  951103s1995\\\\\\\\\\\\\bm\\\001\0\ger\|
=040  \\$aOI
=100  \\$aKremer, Joachim$911862
=245  14$aDas norddeutsche Kantorat im 18. Jahrhundert
=260  \\$aKassel$aNew York$bBärenreiter$c1995
=300  \\$axix-485 pages
=490  \\$aKieler Schriften zur Musikwissenschaft $vBand XLIII
=500  \\$aA Cantorate, in Evangelical Churches, is a territorial unit of a parish, an Evangelical school or a house of prayer (chapel). The term also means a vocal group led by a cantor or his workstation. The Cantorate as musical office in the 18th century was responsible for all musical activities, including school, church and scientific institutions.
=502  \\$aKiel, Christian-Albrechts-Universität, 1993: "Das protestantische Kantorat im 18.Jahrhundert in Norddeutschland. Untersuchungen am Beispiel Hamburgs"
=504  \\$aIncludes bibliographical references (p. 429-431) and indexes.
=648  \0$a18th Century (1701-1800)$1http://www.wikidata.org/entity/Q7015$920899
=648  \0$a17th Century (1601-1700)$1http://www.wikidata.org/entity/Q7016$920923
=648  \0$a19th Century (1801-1900)$1http://www.wikidata.org/entity/Q6955$920935
=650  \0$aChurch music$1http://www.wikidata.org/entity/Q8812109$92283
=650  \0$aMusic history$1http://www.wikidata.org/entity/Q846047$921373
=650  \0$aFuneral$1http://www.wikidata.org/entity/Q201676$93261
=650  \0$aInstitution$1http://www.wikidata.org/entity/Q178706$94241
=650  \0$aKantorat$1http://www.wikidata.org/entity/Q104743809$939748
=650  \0$aProtestantism$1http://www.wikidata.org/entity/Q23540$921012
=650  \0$aCantor$1http://www.wikidata.org/entity/Q330679$923204
=650  \0$aMusician$1http://www.wikidata.org/entity/Q639669$93574
=650  \0$aMusic education$1http://www.wikidata.org/entity/Q27908$921766
=651  \0$aGermany$1http://www.wikidata.org/entity/Q183$9155
=942  \\$cBOO
=952  \\$00$10$2ddc$40$6TOP_DE_5_000000000000000$70$8TOP$98897$aORPH$bORPH$cKTS0$d2020-07-08$eKoopman$i38C14$l0$oTOP DE 5$p20120435$r2021-01-12 00:00:00$w2021-01-12$yBOO$OKoopman
=999  \\$d8906

