=LDR  00769    a2200181   4500
=001  8907
=008  210410r19731911\\\|||||\||||\00|\0\ger\d
=041  \\$ager
=100  \\$aKretzschmar, Hermann$d1848-1924$4aut$1http://www.wikidata.org/entity/Q64542$917448
=245  \\$aGesammelte Aufsätze aus den Jahrbüchern der Musikbibliothek Peters
=260  \\$c1973$aLeipzig$bPeters
=300  \\$a471-16-ix pages
=490  \\$aPeters Reprints
=942  \\$cBOO
=952  \\$00$10$2ddc$40$6TRE_KRET$70$8TRE$98898$aORPH$bORPH$cKTS1_H$d2020-07-08$eKoopman$i19F48$l0$oTRE KRET$p20125224$r2021-01-12 00:00:00$w2021-01-12$yBOO
=999  \\$c8907$d8907
=650  \0$aMusic history$1http://www.wikidata.org/entity/Q846047$921373
=650  \0$aMusic criticism$1http://www.wikidata.org/entity/Q11748889$921598

