=LDR  00949    a2200205   4500
=001  8908
=008  241202s1967\\\\||||||||\||||\00|\0\ger\d
=020  \\$a3423004509
=041  \\$ager
=100  \\$aKreutel, R. F.$912181$4edt
=245  \\$aKara Mustafa vor Wien.$bDas Türkische Tagebuch der Belagerung Wiens 1683, verfasst vom Zeremoniemeister der Hohen Pforte.
=260  \\$c1967$aMunich$bDeutscher Taschenbuch Verlag
=300  \\$a142 pages
=648  \0$a17th Century (1601-1700)$1http://www.wikidata.org/entity/Q7016$920923
=650  \0$aMilitary history$1http://www.wikidata.org/entity/Q192781$93874
=650  \0$aDiary$1http://www.wikidata.org/entity/Q185598$921711
=651  \0$aVienna (Austria)$1http://www.wikidata.org/entity/Q1741$920937
=942  \\$cBOO
=952  \\$00$10$2ddc$40$6TOP_AT_VIE_5_000000000000000$70$8TOP$98899$aORPH$bORPH$cKTS0$d2020-07-08$eKoopman$l0$oTOP AT.VIE 5$p20122284$r2021-01-12 00:00:00$w2021-01-12$yBOO$OKoopman
=999  \\$d8908

