=LDR  01410aam a2200277   4500
=001  8909
=008  230508s1965\\\\||||||||\b|||\00|\0dger\d
=041  \\$ager
=100  \\$aKrickeberg, Dieter$911334$4aut
=245  \\$aDas protestantische Kantorat im 17. Jahrhundert.$bStudien zum Amt des deutschen Kantors
=260  \\$aBerlin$bMerseburger$c1965
=300  \\$a243 pages
=490  \\$aBerliner Studien zur Musikwissenschaft
=648  \0$1http://www.wikidata.org/entity/Q7016$a17th Century (1601-1700)$920923
=650  \0$1http://www.wikidata.org/entity/Q23540$aProtestantism$921012
=650  \0$1http://www.wikidata.org/entity/Q330679$aCantor$923204
=650  \0$aLutheranism$1http://www.wikidata.org/entity/Q75809$923975
=650  \0$aChurch music$1http://www.wikidata.org/entity/Q8812109$1http://www.wikidata.org/entity/Q1065742$92283
=650  \0$aMusic education$1http://www.wikidata.org/entity/Q27908$921766
=650  \0$aProfessional$1http://www.wikidata.org/entity/Q702269$923223
=650  \0$aInstitution$1http://www.wikidata.org/entity/Q178706$94241
=650  \0$aMusic history$1http://www.wikidata.org/entity/Q846047$921373
=651  \0$1http://www.wikidata.org/entity/Q183$aGermany$9155
=942  \\$cBOO
=952  \\$00$10$2ddc$40$6TOP_DE_5_000000000000000$70$8TOP$98900$aORPH$bORPH$cKTS0$d2020-07-08$eKoopman$i28E44$l0$oTOP DE 5$p20121390$r2021-01-12 00:00:00$w2021-01-12$yBOO$OKoopman
=999  \\$d8909

