=LDR  01180cam a2200253 a 4500
=001  8910
=005  20250121142124.0
=008  980811s1996\\\\gw\af\\\\b\\\\000\0\ger\d
=020  \\$a3926982489
=041  \\$ager
=100  \\$4aut$aKrickeberg, Dieter$911334
=245  04$aDer "schöne" Klang:$bStudien zum historischen Musikinstrumentenbau in Deutschland und Japan unter besonderer Berücksichtigung des alten Nürnberg
=260  \\$aNürnberg$bGermanisches National Museum$c1996
=300  \\$a287 pages
=504  \\$aIncludes bibliographical references.
=546  \\$aText chiefly in German; four entries in English.
=648  \0$a17th Century (1601-1700)$1http://www.wikidata.org/entity/Q7016$920923
=648  \0$a18th Century (1701-1800)$1http://www.wikidata.org/entity/Q7015$920899
=650  \0$aOrganology$1http://www.wikidata.org/entity/Q899293$921400
=651  \0$aGermany$1http://www.wikidata.org/entity/Q183$9155
=651  \0$aJapan$1http://www.wikidata.org/entity/Q17$921369
=942  \\$cBOO
=952  \\$00$10$2ddc$40$6INS_1A_DE$70$8INS$98901$aORPH$bORPH$cKTS0$d2020-07-08$eKoopman$i43B02$l1$oINS1a DE$p20127250$r2021-10-18 00:00:00$s2021-10-18$w2021-01-12$yBOO
=999  \\$d8910

