=LDR  01258aam a2200241   4500
=001  8912
=008  231127s1953\\\\gw\af|||\||||\00|\0\ger\d
=041  \\$ager
=100  \\$aKrieg, Walter$912183$4aut
=245  \\$aMaterialien zu einer Entwicklungsgeschichte der Bücher-Preise und des Autoren-Honorars vom 15. bis zum 20. Jahrhundert 
=260  \\$c1953$aWien$bStubenrauch
=300  \\$a250 pages
=500  \\$aon the econmics of the book trade, and book manufacturing business from the 15th century onwards. 

=590  \\$aNebst einem Anhange: Kleine Notizen zur Auflagengeschichte der Bücher im 15. und 16. Jahrhundert
=650  \0$aBibliophilia$1http://www.wikidata.org/entity/Q214719$921630
=650  \0$aWriter$1http://www.wikidata.org/entity/Q36180$93885
=650  \0$aCultural history$1http://www.wikidata.org/entity/Q858517$922395
=650  \0$aIncunable$1http://www.wikidata.org/entity/Q216665$93964
=650  \0$aPrinting$1http://www.wikidata.org/entity/Q11034$921936
=650  \0$aEconomy$1http://www.wikidata.org/entity/Q159810$921625
=942  \\$cBOO
=952  \\$00$10$2ddc$40$6BIB_2_000000000000000_KRIE$70$8BIB$98903$aORPH$bORPH$cKTS0$d2020-07-08$eKoopman$i33G04$l0$oBIB2 KRIE$p20122705$r2021-01-12 00:00:00$w2021-01-12$yBOO$OKoopman
=999  \\$d8912

