=LDR  02471cam a2200373 a 4500
=001  8914
=005  20250121142124.0
=008  020712s2001\\\\gw\a\\\\\b\\\\000\0\ger\d
=010  \\$a  2002506169
=016  7\$a958020906$2GyFmDB
=020  \\$a3895640263
=035  \\$a(OCoLC)ocm50019271
=040  \\$aIUL$cIUL$dOHX$dOCLCQ$dDLC
=041  \\$ager
=042  \\$alccopycat
=100  \\$aKrieger, Johann Philipp$d1649-1725$4aut$1http://www.wikidata.org/entity/Q524087$912185
=245  14$aDas Weissenfelser Aufführungsverzeichnis Johann Philipp Kriegers und seines Sohnes Johann Gotthilf Krieger (1684-1732):$bKommentierte Neuausg[abe]
=260  \\$aSinzig$bStudio$c2001
=300  \\$a501 p. :$bill. ;$c21 cm.
=504  \\$aIncludes bibliographical references (p. 499-501).
=505  2\$aDas Aufführungsverzeichnis Johann Philipp Kriegers (1684-1725). Die Ordnung der Gottesdienste in der Weissenfelser Schlosskirche. Geistliche Vokalwerke Johann Philipp Kriegers. Weltliche Vokalwerke Johann Philipp Kriegers. Instrumentalwerke Johann Philipp Kriegers. Geistliche Vokalwerke anderer Komponisten. Instrumentalwerke anderer Komponisten. Nicht identifizierbare Kompositionen Johann Philipp Kriegers. Nicht identifizierbare Werke anderer Komponisten -- Das Aufführungsverzeichnis Johann Gotthilf Kriegers (Estomihi 1725-24. n. Trin. 1732). Geistliche Vokalwerke. Instrumentalwerke. Nicht identifizierbare Kompositionen.
=590  \\$aBearbeitet und herausgegeben von Klaus-Jürgen Gundlach
=600  \0$aKrieger, Johann Philipp$d1649-1725$1http://www.wikidata.org/entity/Q524087$912185
=600  \0$aKrieger, Johann Gotthilf$d1687-?1743$912188$1https://data.bnf.fr/fr/14451289/johann_gotthilf_krieger/
=648  \0$a17th Century (1601-1700)$1http://www.wikidata.org/entity/Q7016$920923
=648  \0$a18th Century (1701-1800)$1http://www.wikidata.org/entity/Q7015$920899
=650  \0$aChurch music$1http://www.wikidata.org/entity/Q8812109$92283
=650  \0$aLute$1http://www.wikidata.org/entity/Q180733$93944
=651  \0$aWeißenfels (Germany)$1http://www.wikidata.org/entity/Q14815$921604
=700  \\$aKrieger, Johann Gotthilf$d1687-?1743$4aut$912188$1https://data.bnf.fr/fr/14451289/johann_gotthilf_krieger/
=700  \\$aGundlach, Klaus-Jürgen$4edt$912189
=942  \\$cBOO
=952  \\$00$10$2ddc$40$6BIO_KRIE_A$70$8BIO$98905$aORPH$bORPH$cKTS1_P$d2020-07-08$eKoopman$i28B30$l0$oBIO KRIE a$p20121476$r2021-01-12 00:00:00$w2021-01-12$yBOO
=999  \\$c8914$d8914

