=LDR  00741aam a2200193   4500
=001  8915
=008  220920s1945\\\\nl\f||||\||||\00|\0\dut\d
=041  \\$adut
=245  \\$aOrganum Novum
=260  \\$aArnhem$bBoeijenga$c1964
=300  \\$a135 pages
=650  \0$aOrgan$1http://www.wikidata.org/entity/Q1444$92810
=650  \0$aOrganology$1http://www.wikidata.org/entity/Q899293$921400
=651  \0$aNetherlands$1http://www.wikidata.org/entity/Q55$9173
=700  \\$4edt$aKriek, P. H.$912190
=700  \\$4edt$aZandt, Herman S. J.$920062
=942  \\$cBOO
=952  \\$00$10$2ddc$40$6INS_3_000000000000000_1A_NL$70$8INS$98906$aORPH$bORPH$cKTS0$d2020-07-08$eKoopman$i24B03$l0$oINS3.1a NL$p20128751$r2021-01-12 00:00:00$w2021-01-12$yBOO$OKoopman
=999  \\$d8915

