=LDR  01332cam a22002778i 4500
=001  8916
=008  200514s2001\\\\\\\ao\\\\b\\\\000\0\ger\|
=041  \\$ager
=100  \\$aKrins, Hubert$4aut$923445
=245  10$aBarock in Süddeutschland
=260  \\$bTheiss$c2001$aStuttgart
=300  \\$a160 pages
=500  \\$aOverview of sacred and secular baroque architecture, baroque buildings throughout southern Germany between Baden and Upper Bavaria
=648  \0$a17th Century (1601-1700)$1http://www.wikidata.org/entity/Q7016$920923
=648  \0$a18th Century (1701-1800)$1http://www.wikidata.org/entity/Q7015$920899
=650  \0$aBaroque$1http://www.wikidata.org/entity/Q37853$921255
=650  \0$aArchitecture$1http://www.wikidata.org/entity/Q12271$93185
=650  \0$aFine art$1http://www.wikidata.org/entity/Q219625$921579
=650  \0$aChurch$1http://www.wikidata.org/entity/Q16970$93776
=650  \0$aCastle$1http://www.wikidata.org/entity/Q23413$92088
=650  \0$aMonastery$1http://www.wikidata.org/entity/Q44613$926216
=651  \0$aGermany$1http://www.wikidata.org/entity/Q183$9155
=700  \\$aFeist, Joachim$4pht$923446
=942  \\$cBOO
=952  \\$00$10$2ddc$40$6TOP_DE_5_000000000000000$70$8TOP$98907$aORPH$bORPH$cKTS0$d2020-07-08$eKoopman$i33B18$oTOP DE 5$p20122763$r2021-01-12 00:00:00$w2021-01-12$yBOO
=999  \\$d8916

