=LDR  01063cam a22002534a 4500
=001  8917
=005  20250120120203.0
=008  040716s2004\\\\be\a\\\\\b\\\\001\0\eng\\
=020  \\$a9042915404 (alk. paper)
=040  \\$aOI
=041  0\$aeng$adut
=245  14$aThe Interior of the Medieval Village Church = Het middeleeuwse dorpskerkinterieur
=260  \\$aLeuven$aDudley, MA$bPeeters$c2004
=300  \\$a430 pages$bcol. ill.$c31 cm
=504  \\$aIncludes bibliographical references (p. [411]-416) and index.
=546  \\$aText in English and Dutch.
=648  \0$aMiddle Ages (500-1400)$1http://www.wikidata.org/entity/Q12554$920964
=650  \0$aChurch$1http://www.wikidata.org/entity/Q16970$93776
=650  \0$aArchitecture$1http://www.wikidata.org/entity/Q12271$93185
=700  \\$aKroesen, Justin E. A.$d-1975$4aut$4pht$912193
=700  \\$aSteensma, Regnerus$4aut$4pht$912194
=942  \\$cBOO
=952  \\$00$10$2ddc$40$6VIS_KROE$70$8VIS$98908$aORPH$bORPH$cKTS1_H$d2020-07-08$eKoopman$i25A07$oVIS KROE$p20129164$r2021-01-12 00:00:00$w2021-01-12$yBOO
=999  \\$d8917

