=LDR  00871aam a2200205   4500
=001  8920
=008  230608s1933\\\\|||\||||\||||\001\0dger\d
=041  \\$ager
=100  \\$aKrüger, Liselotte$912198$4aut
=245  \\$aDie Hamburgische Musikorganisation im XVII. Jahrhundert
=260  \\$aLeipzig$bHeitz$c1933
=300  \\$a[vi]-275 pages
=490  \\$aSammlung Musikwissenschaftlicher Abhandlungen$v12
=500  \\$aPhotocopy
=648  \0$1http://www.wikidata.org/entity/Q7016$a17th Century (1601-1700)$920923
=650  \0$1http://www.wikidata.org/entity/Q846047$aMusic history$921373
=651  \0$1http://www.wikidata.org/entity/Q1055$aHamburg (Germany)$921940
=942  \\$cBOO
=952  \\$00$10$2ddc$40$6TOP_DE_HAM_5_000000000000000$70$8TOP$98911$aORPH$bORPH$cKTS0$d2020-07-08$eKoopman$i45G05$l0$oTOP DE.HAM 5$p20127561$r2021-01-12 00:00:00$w2021-01-12$yBOO$OKoopman
=999  \\$d8920

