=LDR  00962aam a2200205   4500
=001  8921
=008  230418s1932\\\\|||g||||\c|||\00|\0\ger\d
=041  \\$ager
=059  \\$a[viii]-188-xix pages
=100  \\$aKrüger, Walther$d1902-19?$1http://www.wikidata.org/entity/Q112478502$4aut$912199
=245  \\$aDas Concerto grosso in Deutschland
=260  \\$aBerlin$bKallmeyer$c1932
=648  \0$1http://www.wikidata.org/entity/Q7016$a17th Century (1601-1700)$920923
=648  \0$1http://www.wikidata.org/entity/Q7015$a18th Century (1701-1800)$920899
=650  \0$aConcerto grosso$1http://www.wikidata.org/entity/Q210216$922221
=650  \0$aMusic history$1http://www.wikidata.org/entity/Q846047$921373
=651  \0$1http://www.wikidata.org/entity/Q183$aGermany$9155
=942  \\$cBOO
=952  \\$00$10$2ddc$40$6TOP_DE_5_000000000000000$70$8TOP$98912$aORPH$bORPH$cKTS0$d2020-07-08$eKoopman$i30A11$l0$oTOP DE 5$p20123434$r2021-01-12 00:00:00$w2021-01-12$yBOO$OKoopman
=999  \\$d8921

