=LDR  00909cam a22002535i 4500
=001  8926
=005  20250120120040.0
=006  m\\\\|o\\d\|\\\\\\
=007  cr\|||||||||||
=008  180405s2014\\\\\\\||||\\\\\\||||\0|ger||
=020  \\$a9783319756714
=024  7\$a10.1007/978-3-319-75671-4$2doi
=040  \\$aOI$beng$epn$erda
=072  \7$aPST$2thema
=072  \7$aPSTD$2bicssc
=072  \7$aSCI011000$2bisacsh
=100  \\$4aut$aKrummacher, Christoph$912203
=245  00$aKirchenmusik in Theorie und Praxis.$bAusgewählte Texte aus der Hochschularbeit und der kirchenmusikalischen Lehrtätigkeit
=260  \\$aZürich$bOlms$c2014
=300  \\$a322 pages
=588  \\$aDescription based on publisher-supplied MARC data.
=942  \\$cBOO
=952  \\$00$10$2ddc$40$6GEN_2_000000000000000$70$8GEN$98917$aORPH$bORPH$cKM12_1$d2020-07-08$eKoopman$l0$oGEN 2$p20127566$r2021-01-12 00:00:00$w2021-01-12$yBOO
=999  \\$d8926

