=LDR  01535nam a2200325 i 4500
=001  8927
=003  BE-GnUNI
=005  20250926134855.0
=008  791016s1978\\\\gw\g\\\||b\\\|000\||ger||
=020  \\$a3761805268
=040  \\$aOI
=041  \\$ager
=100  \\$aKrummacher, Friedhelm$d1936-$4aut$911915
=245  14$aDie Choralbearbeitung in der protestantischen Figuralmusik zwischen Praetorius und Bach
=260  \\$aKassel$aBasel$aTours$aLondon$bBärenreiter$c1978
=300  \\$axvi-546 pages$bmusic$c24 cm
=490  0\$aKieler Schriften zur Musikwissenschaft$v22
=504  \\$aIncludes bibliographical references.
=600  \0$aPraetorius, Michael$d1571-1621$1http://www.wikidata.org/entity/Q108278$97239
=600  \0$aBach, Johann Sebastian$d1685-1750$1http://www.wikidata.org/entity/Q1339$94766
=648  \0$a17th Century (1601-1700)$1http://www.wikidata.org/entity/Q7016$920923
=648  \0$a18th Century (1701-1800)$1http://www.wikidata.org/entity/Q7015$920899
=650  \0$aChorale$1http://www.wikidata.org/entity/Q724473$921334
=650  \0$aProtestantism$1http://www.wikidata.org/entity/Q23540$921012
=650  \0$aArrangement$1http://www.wikidata.org/entity/Q379755$94282
=650  \0$aInstrumental music$1http://www.wikidata.org/entity/Q639197$92106
=651  \0$aGermany$1http://www.wikidata.org/entity/Q183$9155
=942  \\$cBOO
=952  \\$00$10$2ddc$40$6TOP_DE_5_000000000000000$70$8TOP$98918$aORPH$bORPH$cKTS0$d2020-07-08$eKoopman$i19D33$oTOP DE 5$p20127835$r2021-01-12 00:00:00$w2021-01-12$yBOO
=999  \\$d8927

