=LDR  01358cam a2200289 a 4500
=001  8928
=005  20250926134855.0
=008  960514s1995\\\\gw\agh\\\b\\\\000\0dger\\
=020  \\$a3525862741
=040  \\$aOI
=041  \\$ager
=100  \\$aKrummacher, Friedhelm$d1936-$4aut$911915
=245  10$aBachs Zyklus der Choralkantaten:$bAufgaben und Lösungen
=260  \\$aGöttingen$bVandenhoeck & Ruprecht$c1995
=300  \\$a170 pages$billustrations, music, facsimiles$c25 cm
=490  \\$aVeröffentlichung der Joachim Jungius-Gesellschaft der Wissenschaften Hamburg
=504  \\$aIncludes bibliographical references (p. [166]-170).
=600  \0$aBach, Johann Sebastian$d1685-1750$1http://www.wikidata.org/entity/Q1339$94766
=648  \0$a18th Century (1701-1800)$1http://www.wikidata.org/entity/Q7015$920899
=650  \0$aCantata$1http://www.wikidata.org/entity/Q174873$921603
=650  \0$aChorale$1http://www.wikidata.org/entity/Q724473$921334
=650  \0$aHermeneutics$1http://www.wikidata.org/entity/Q102686$922567
=650  \0$aLute$1http://www.wikidata.org/entity/Q180733$93944
=651  \0$aLeipzig (Germany)$1http://www.wikidata.org/entity/Q2079$945
=942  \\$cBOO
=952  \\$00$10$40$6BIO_BACH1_E$70$8BIO$98919$aORPH$bORPH$cKTS1_P$d2020-07-08$eKoopman$i21D42$oBIO BACH1 e$p20128260$r2021-01-12 00:00:00$w2021-01-12$yBOO$OKoopman
=999  \\$d8928

