=LDR  01208cam a2200277 i 4500
=001  8931
=005  20250604140230.0
=008  760910s1975\\\\\\\agh\\\b\\\\001\0\eng\\
=015  \\$aGB76-03306
=020  \\$a0197217885
=040  \\$aOI$beng
=041  \\$aeng
=100  \\$aKrummel, Donald William$d-1929$4aut$1http://www.wikidata.org/entity/Q55987942$912211
=245  10$aEnglish Music Printing, 1553-1700
=260  \\$aLondon$bBibliographical Society$c1975
=300  \\$axi-188 pages$billustrations, facsimiles, music$c28 cm
=490  1\$aBibliographical Society Publication$v1971
=504  \\$aBibliography: p. [177]-179.
=561  \\$aGift of Lessing J. Rosenwald, 1943-1975.$5DLC
=648  \0$1http://www.wikidata.org/entity/Q7017$a16th Century (1501-1600)$920944
=648  \0$1http://www.wikidata.org/entity/Q7016$a17th Century (1601-1700)$920923
=650  \0$aMusic printing$1http://www.wikidata.org/entity/Q64416036$94007
=651  \0$1http://www.wikidata.org/entity/Q21$aUnited Kingdom$9273
=942  \\$cBOO
=952  \\$00$10$2ddc$40$6BIB_4_000000000000000_GB_4$70$8BIB$98922$aORPH$bORPH$cKTS0$d2020-07-08$eKoopman$l0$oBIB4 GB 4$p20129972$r2021-01-12 00:00:00$w2021-01-12$yBOO$OThwaites
=999  \\$d8931

