=LDR  00950nam a2200229 a 4500
=001  8933
=005  20250120120215.0
=008  000710s1990\\\\nyu\\\\\r\\\\\000\0\eng\d
=020  \\$a0393028097
=040  \\$aOI
=041  \\$aeng
=245  00$aMusic Printing and Publishing
=260  \\$aNew York, NY$bNorton$c1990
=300  \\$axiv-615 pages$billustrations, music
=490  0\$aThe Norton/Grove Handbooks in Music
=650  \0$aPublishing$1http://www.wikidata.org/entity/Q3972943$93049
=650  \0$aMusic printing$1http://www.wikidata.org/entity/Q64416036$94007
=700  \\$aKrummel, Donald William$d-1929$4edt$1http://www.wikidata.org/entity/Q55987942$912211
=700  \\$aSadie, Stanley$d1930-2015$4edt$1http://www.wikidata.org/entity/Q1335317$919216
=942  \\$cBOO
=952  \\$00$10$2ddc$40$6BIB_3_000000000000000_KRUM$70$8BIB$98924$aORPH$bORPH$cKTS0$d2020-07-08$eKoopman$i19D06$oBIB3 KRUM$p20127867$r2021-01-12 00:00:00$w2021-01-12$yBOO
=999  \\$d8933

