=LDR  01308cam a2200301   4500
=001  8934
=005  20250218163405.0
=008  721211s1972\\\\miu\\\\\\b\\\\001\0\eng\\
=020  \\$a0911772464
=040  \\$aOI
=041  0\$aeng
=100  \\$aKrummel, Donald William$d-1929$4aut$1http://www.wikidata.org/entity/Q55987942$912211
=245  10$aBibliotheca Bolduaniana:$bA Renaissance Music Bibliography
=260  \\$aDetroit$bInformation Coordinators$c1972
=300  \\$a191 pages$bfront.$c24 cm.
=350  \\$a$8.00
=490  1\$aDetroit Studies in Music Bibliography$v22
=504  \\$aBibliography: p. 15-18.
=600  \0$aBolduan, Paul$dfl. 1614-1622$912212
=648  \0$aRenaissance (1400-1600)$1http://www.wikidata.org/entity/Q4692$920965
=648  \0$a17th Century (1601-1700)$1http://www.wikidata.org/entity/Q7016$920923
=650  \0$aMusic history$1http://www.wikidata.org/entity/Q846047$921373
=650  \0$aBibliography$1http://www.wikidata.org/entity/Q134995$93965
=650  \0$aMusic printing$1http://www.wikidata.org/entity/Q64416036$94007
=700  \2$aBolduan, Paul$dfl. 1614-1622$912212
=942  \\$cBOO
=952  \\$00$10$2ddc$40$6BIB_3_000000000000000_KRUM$70$8BIB$98925$aORPH$bORPH$cKTS0$d2020-07-08$eKoopman$i47D10$oBIB3 KRUM$p20123703$r2021-01-12 00:00:00$w2021-01-12$yBOO
=999  \\$d8934

