=LDR  01257aam a2200265   4500
=001  8937
=008  250514s1959\\\\|||afo||\b|||\001\0\eng\d
=041  \\$aeng
=100  \\$aKubler, George$920155$4aut
=245  \\$aArt and Architecture in Spain and Portugal and their American Dominions 1500 to 1800
=260  \\$c1959$aHarmondsworth$bPenguin
=300  \\$axxviii-445 pages
=490  \\$aThe Pelican History of Art
=648  \0$a16th Century (1501-1600)$1http://www.wikidata.org/entity/Q7017$920944
=648  \0$a17th Century (1601-1700)$1http://www.wikidata.org/entity/Q7016$920923
=648  \0$a18th Century (1701-1800)$1http://www.wikidata.org/entity/Q7015$920899
=650  \0$aArchitecture$1http://www.wikidata.org/entity/Q12271$93185
=650  \0$aFine art$1http://www.wikidata.org/entity/Q219625$921579
=651  \0$aSpain$1http://www.wikidata.org/entity/Q29$920983
=651  \0$aPortugal$1http://www.wikidata.org/entity/Q45$9136
=651  \0$aSouth America$1http://www.wikidata.org/entity/Q18$922373
=700  \\$aSoria, Martin$4aut$940216
=942  \\$cBOO
=952  \\$00$10$2ddc$40$6TOP_ES_4_000000000000000$70$8TOP$98928$aORPH$bORPH$cKTS0$d2020-07-08$eKoopman$i22D59$l0$oTOP ES 4$p20128421$r2021-01-12 00:00:00$w2021-01-12$yBOO$OKoopman
=999  \\$d8937

