=LDR  00950aam a2200205   4500
=001  8939
=008  250611s1902\\\\|||g||||\||||\00|\0\ger\d
=041  \\$ager
=100  \\$aKuhn, M.$4aut$912217
=245  \\$aVerzierungs-Kunst in der Gesangs-Musik des 16.-17. Jahrhunderts (1535-1650)
=260  \\$aLeipzig$bBreitkopf & Härtel$c1902
=300  \\$a150 pages
=490  \\$aPublikationen der Internationalen Musikgesellschaft. Beihefte$vVII
=648  \0$a16th Century (1501-1600)$1http://www.wikidata.org/entity/Q7017$920944
=648  \0$a17th Century (1601-1700)$1http://www.wikidata.org/entity/Q7016$920923
=650  \0$aVocal music$1http://www.wikidata.org/entity/Q685884$93319
=650  \0$aOrnamentation$1http://www.wikidata.org/entity/Q739589$922524
=942  \\$cBOO
=952  \\$00$10$2ddc$40$6MTP_2_000000000000000_KUHN$70$8MTP$98930$aORPH$bORPH$cKM12_1$d2020-07-08$eKoopman$i35A36$l0$oMTP2 KUHN$p20122520$r2021-01-12 00:00:00$w2021-01-12$yBOO
=999  \\$d8939

