=LDR  01018aam a2200229   4500
=001  8943
=005  20250925143258.0
=008  221121s1982\\\\||||||||\||||\00|\0\dut\d
=041  \\$adut
=100  \\$aKuijte, Adrianus$d1843-1912$4aut$912221
=245  \\$aAantekeningen van de orgelmaker Adrianus Kuijte
=260  \\$a's-Hertogenbosch$bNoordbrabants Genootschap$c1982
=300  \\$a31 pages
=648  \0$a19th Century (1801-1900)$1http://www.wikidata.org/entity/Q6955$920935
=648  \0$a20th Century (1901-2000)$1http://www.wikidata.org/entity/Q6927$920936
=650  \0$aOrgan$1http://www.wikidata.org/entity/Q1444$92810
=650  \0$aBiography$1http://www.wikidata.org/entity/Q36279$91927
=651  \0$aNetherlands$1http://www.wikidata.org/entity/Q55$9173
=700  \\$4edt$aKuilenburg, Wout van$917631
=942  \\$cBOO
=952  \\$00$10$2ddc$40$6INS_3_000000000000000_1B_KUIJ$70$8INS$98934$aORPH$bORPH$cKTS0$d2020-07-08$eKoopman$i23G40$l0$oINS3.1b KUIJ$p20125742$r2021-01-12 00:00:00$w2021-01-12$yBOO$OKoopman
=999  \\$d8943

