=LDR  01111    a2200265   4500
=001  8947
=008  230316s1983\\\\nl\f||||\||||\00|\0\dut\d
=020  \\$a9070814307
=041  \\$adut
=100  \\$aKuilenburg, Wout van$917631$4aut
=245  \\$aHet werk van de orgelmakersfamilie. Van Eijsdonck/Van Nistelrooy/Kuite
=260  \\$c1983$as'-Hertogenbosch$bHet Noordbrabants Genootschap
=300  \\$a192 pages
=600  \0$925875$aEijsdonck, Paulus Marcelliszoon van
=600  \0$925876$aEijsdonck, Leonardus van
=600  \0$925877$aNistelrooy, Paulus van 
=600  \0$925878$aNistelrooij, Leonardus Aloysius van
=600  \0$912221$aKuijte, Adrianus$d1843-1912
=600  \0$925879$aPaulus, Kuijte
=650  \0$aOrgan$1http://www.wikidata.org/entity/Q1444$92810
=650  \0$aOrganology$1http://www.wikidata.org/entity/Q899293$921400
=651  \0$aNetherlands$1http://www.wikidata.org/entity/Q55$9173
=942  \\$cBOO
=952  \\$00$10$2ddc$40$6INS_3_000000000000000_1B$70$8INS$98938$aORPH$bORPH$cKTS0$d2020-07-08$eKoopman$i24B07$l0$oINS3.1b$p20128747$r2021-01-12 00:00:00$w2021-01-12$yBOO$OKoopman
=999  \\$d8947

