=LDR  00880aam a2200193   4500
=001  8948
=008  230322s2014\\\\||||||||\||||\00|\0\dut\d
=041  \\$adut
=100  \\$aKuin, S.$912226$4aut
=245  \\$aDoor zee verbonden:$bEen geschiedenis van de Nederlands-Portugese betrekkingen
=260  \\$aLisbon$bNederlandse Ambassade te Lissabon$c2014
=650  \0$aMaritime transport$1http://www.wikidata.org/entity/Q155930$924925
=650  \0$aTranslation$1http://www.wikidata.org/entity/Q7553$92492
=650  \0$aMilitary history$1http://www.wikidata.org/entity/Q192781$93874
=651  \0$aNetherlands$1http://www.wikidata.org/entity/Q55$9173
=651  \0$aPortugal$1http://www.wikidata.org/entity/Q45$9136
=942  \\$cBOO
=952  \\$00$10$2ddc$40$6TOP$70$8TOP$98939$aORPH$bORPH$cKTS0$d2020-07-08$eKoopman$i46D25$l0$oTOP$p20127682$r2021-01-12 00:00:00$w2021-01-12$yBOO$OKoopman
=999  \\$d8948

