=LDR  01942aam a2200277   4500
=001  8949
=005  20251003085457.0
=008  250218s1970\\\\|||agh||\||||\00|\0\ger\d
=041  \\$ager
=100  \\$aKümmerling, Harald$d1927-2005$914230$4aut
=245  \\$aKatalog der Sammlung Bokemeyer
=260  \\$c1970$aKassel$bBärenreiter
=300  \\$a423 pages$bcontains incipits, indexes, facsimile pages and drawings of watermarks
=490  \\$aKieler Schriften zur Musikwissenschaft$v18
=500  \\$aHeinrich Bokemeyer war ein ein streitbarer protestantischer Kantor, Dichter, Autor und Komponist. Er wurde aufgrund seiner überdurchschnittlichen theologischen und philosophischen Bildung und seiner umfassenden Bibliothek "unter die gelehrten Musicos" gerechnet und überregional sehr geschätzt.
=500  \\$aBokemeyer erwarb von seinem Lehrer Georg Österreich dessen umfangreiche Sammlung und erweiterte sie. Die Sammlung wurde unter seinem Namen als „Sammlung Bokemeyer“ bekannt. Sie befindet sich heute in der Staatsbibliothek zu Berlin und gilt als eine der bedeutendsten Musikaliensammlungen des ausgehenden 17. und beginnenden 18. Jahrhunderts.
=648  \0$a17th Century (1601-1700)$1http://www.wikidata.org/entity/Q7016$920923
=648  \0$a18th Century (1701-1800)$1http://www.wikidata.org/entity/Q7015$920899
=650  \0$aCollecting$1http://www.wikidata.org/entity/Q208165$92117
=650  \0$aLibrary$1http://www.wikidata.org/entity/Q7075$94229
=650  \0$aCatalogue$1http://www.wikidata.org/entity/Q2352616$1http://www.wikidata.org/entity/Q6941730$921484
=650  \0$aMusic history$1http://www.wikidata.org/entity/Q846047$921373
=651  \0$aGermany$1http://www.wikidata.org/entity/Q183$9155
=942  \\$cBOO
=952  \\$00$10$2ddc$40$6BIB_4_000000000000000_DE_BER_BOKE$70$8BIB$98940$aORPH$bORPH$cKTS0$d2020-07-08$eKoopman$i32B32$l0$oBIB4 DE.BER BOKE$p20122934$r2021-01-12 00:00:00$w2021-01-12$yBOO$OKoopman
=999  \\$d8949

