=LDR  01871aam a2200325   4500
=001  8950
=005  20251003085457.0
=008  250107s1977\\\\|||a||||\c|||\00|\0\dut\d
=100  \\$aKümmerling, Harald$d1927-2005$1http://www.wikidata.org/entity/Q72937693$4aut$4cur$914230
=245  \\$aParadisus Musicus.$bMuziek en samenleving in Rubens' tijd
=260  \\$c1977$aAntwerp$bStad Antwerpen - Rubenshuis
=300  \\$a115 pages
=590  \\$aTentoonstelling 31 augustus - 16 oktober 1977 (Rubenshuis, Antwerpen)
=600  \0$aRubens, Peter Paul$d1577-1640$1http://www.wikidata.org/entity/Q5599$914413
=648  \0$a17th Century (1601-1700)$1http://www.wikidata.org/entity/Q7016$920923
=648  \0$a16th Century (1501-1600)$1http://www.wikidata.org/entity/Q7017$920944
=650  \0$aIconography$1http://www.wikidata.org/entity/Q208145$921259
=650  \0$aCatalogue$1http://www.wikidata.org/entity/Q2352616$1http://www.wikidata.org/entity/Q6941730$921484
=650  \0$aExhibition$1http://www.wikidata.org/entity/Q464980$925353
=650  \0$aFine art$1http://www.wikidata.org/entity/Q219625$921579
=650  \0$aMusic history$1http://www.wikidata.org/entity/Q846047$921373
=650  \0$aMusic philosophy and aesthetics$1http://www.wikidata.org/entity/Q2092865$921165
=650  \0$aMusician$1http://www.wikidata.org/entity/Q639669$93574
=650  \0$aSociety$1http://www.wikidata.org/entity/Q8425$94658
=650  \0$aNobility$1http://www.wikidata.org/entity/Q134737$93602
=651  \0$aAntwerp (Belgium)$1http://www.wikidata.org/entity/Q12892$920974
=700  \\$aAndriessen, Pieter$d1943-2005$1http://www.wikidata.org/entity/Q2428332$4ctb$916146
=942  \\$cBOO
=952  \\$00$10$2ddc$40$6TOP_BE_ANT_5_000000000000000$70$8TOP$98941$aORPH$bORPH$cKTS0$d2020-07-08$eKoopman$i42A30$l0$oTOP BE.ANT 5$p20122123$r2021-01-12 00:00:00$w2021-01-12$yBOO$OKoopman
=999  \\$d8950

