=LDR  01323aam a2200289   4500
=001  8951
=005  20250930150026.0
=008  230714s1973\\\\|||gdo||\b|||\001\0\eng\d
=020  \\$a9024715202
=041  \\$aeng
=100  \\$aKunst, Jaap$d1891-1960$1http://www.wikidata.org/entity/Q1230276$4aut$917215
=245  \\$aMusic in Java:$bIts History, Its Theory and Its Technique
=250  \\$a3rd Ed.
=260  \\$aThe Hague$bNijhoff$c1973
=300  \\$a2 vols. in 1 (xviii-660 pages)
=534  \\$aOriginally published in 1933
=650  \0$1http://www.wikidata.org/entity/Q208365$aEthnomusicology$920991
=650  \0$1http://www.wikidata.org/entity/Q43343$aFolk music$921594
=650  \0$aMusic history$1http://www.wikidata.org/entity/Q846047$921373
=650  \0$1http://www.wikidata.org/entity/Q1544924$aMusical analysis$92775
=651  \0$1http://www.wikidata.org/entity/Q252$aIndonesia$97
=700  \\$4edt$aHeins, E. L.$926407
=765  \\$aDe toonkunst van Java
=942  \\$cBOO
=952  \\$00$10$2ddc$3Vol. I$40$6TOP_ID$70$8TOP$98942$aORPH$bORPH$cKTS0$d2020-07-08$eKoopman$i23C31-1$l0$oTOP ID$p20128560$r2021-01-12 00:00:00$w2021-01-12$yBOO
=952  \\$00$10$2ddc$3Vol. II$40$6TOP_ID$70$8TOP$98943$aORPH$bORPH$cKTS0$d2020-07-08$eKoopman$i23C31-2$l0$oTOP ID$p20128559$r2021-01-12 00:00:00$w2021-01-12$yBOO
=999  \\$d8951

