=LDR  01173aam a2200229   4500
=001  8953
=008  230531s1965\\\\|||g||||\||||\00|\0dger\d
=041  \\$ager
=100  \\$aKüntzel, Gottfried$4aut$912229
=245  \\$aDie Instrumentalkonzerte von Johann Friedrich Fasch (1688-1758)
=260  \\$aFrankfurt am Main$c1965
=300  \\$a262 pages
=590  \\$aInaugural-Dissertation zur Erlangung des Doktorgrades der Philosophischen Fakultät der Johann Wolfgang Goethe-Universität Frankfurt am Main
=600  \0$1http://www.wikidata.org/entity/Q77236$aFasch, Johann Friedrich$d1688-1758$913257
=648  \0$1http://www.wikidata.org/entity/Q7015$a18th Century (1701-1800)$920899
=650  \0$1http://www.wikidata.org/entity/Q9748$aConcerto$921817
=650  \0$aMusic history$1http://www.wikidata.org/entity/Q846047$921373
=650  \0$aMusical analysis$1http://www.wikidata.org/entity/Q1544924$92775
=651  \0$1http://www.wikidata.org/entity/Q155981$aZerbst (Germany)$923424
=942  \\$cBOO
=952  \\$00$10$2ddc$40$6BIO_FASC1_E$70$8BIO$98944$aORPH$bORPH$cKTS1_P$d2020-07-08$eKoopman$i28B15$oBIO FASC1 e$p20123624$r2021-01-12 00:00:00$w2021-01-12$yBOO$OKoopman
=999  \\$d8953

