=LDR  01005aam a2200205   4500
=001  8954
=008  240502s2014\\\\|||ao|||\b|||\001\0\ger\d
=041  \\$ager
=100  \\$aKunze, Konrad$d1939-$1http://www.wikidata.org/entity/Q1782174$4aut$912230
=245  \\$aHimmel in Stein:$bDas Freiburger Münster. Vom Sinn mittelalterlicher Kirchenbauten
=260  \\$aFreiburg im Breisgau$bHerder$c2014
=300  \\$a155 pages
=610  \0$aFreiburger Münster (Germany)$1http://www.wikidata.org/entity/Q250212$923891
=650  \0$aChurch$1http://www.wikidata.org/entity/Q16970$93776
=650  \0$aArchitecture$1http://www.wikidata.org/entity/Q12271$93185
=650  \0$aInterior design$1http://www.wikidata.org/entity/Q179232$921367
=651  \0$aFreiburg im Breisgau (Germany)$1http://www.wikidata.org/entity/Q2833$924418
=942  \\$cBOO
=952  \\$00$10$2ddc$40$6TOP_DE_FRE1$70$8TOP$98945$aORPH$bORPH$cKTS0$d2020-07-08$eKoopman$i47A23$l0$oTOP DE.FRE1$p20123759$r2021-01-12 00:00:00$w2021-01-12$yBOO$OKoopman
=999  \\$d8954

