=LDR  01177aam a2200229   4500
=001  8955
=008  220221s1963\\\\||||||||\||||\00|\0\ger\d
=041  \\$ager
=100  \\$aKunze, Stefan$d1933-1992$4aut$912232
=245  \\$aDie Instrumentalmusik Giovanni Gabrielis
=260  \\$aTutzing$bSchneider$c1963
=300  \\$a2 vols.
=490  \\$aMünchner Veröffentlichungen zur Musikgeschichte$v8
=600  \0$aGabrieli, Giovanni$dc. 1554/57-1612$1http://www.wikidata.org/entity/Q34624$99172
=648  \0$a16th Century (1501-1600)$1http://www.wikidata.org/entity/Q7017$920944
=648  \0$a17th Century (1601-1700)$1http://www.wikidata.org/entity/Q7016$920923
=650  \0$aInstrumental music$1http://www.wikidata.org/entity/Q639197$92106
=651  \0$aItaly$1http://www.wikidata.org/entity/Q38$922
=942  \\$cBOO
=952  \\$00$10$2ddc$3vol. 1$40$6BIO_GABR1_E$70$8BIO$98946$aORPH$bORPH$cKTS1_P$d2020-07-08$eKoopman$i32E05_01$oBIO GABR1 e$p20122864$r2021-01-12 00:00:00$w2021-01-12$yBOO
=952  \\$00$10$2ddc$3vol. 2 (Notenteil)$40$6BIO_GABR1_E$70$8BIO$98947$aORPH$bORPH$cKTS1_P$d2020-07-08$eKoopman$i32E05-02$oBIO GABR1 e$p20122863$r2021-01-12 00:00:00$w2021-01-12$yBOO
=999  \\$d8955

