=LDR  01348cam a2200313 a 4500
=001  8957
=003  OSt
=005  20250121142124.0
=008  931026s1993\\\\gw\a\\\\\b\\\\001\0\ger\\
=020  \\$a3890071252
=020  \\$a3890071244 (set)
=040  \\$aOI
=041  \\$ager
=100  \\$aKunze, Stefan$d1933-1992$4aut$912232
=245  14$aDie Sinfonie im 18. Jahrhundert:$bvon der Opernsinfonie zur Konzertsinfonie
=260  \\$aLaaber$bLaaber-Verlag$c1993
=300  \\$ax-321 pages$billustrations$c29 cm
=490  \\$aHandbuch der musikalischen Gattungen$v1
=504  \\$aIncludes bibliographical references (p. 303-310) and indexes.
=648  \0$a18th Century (1701-1800)$1http://www.wikidata.org/entity/Q7015$920899
=650  \0$aSymphony$1http://www.wikidata.org/entity/Q9734$92527
=650  \0$aOpera$1http://www.wikidata.org/entity/Q1344$92468
=650  \0$aOverture$1http://www.wikidata.org/entity/Q202287$921591
=650  \0$aConcert$1http://www.wikidata.org/entity/Q182832$921044
=650  \0$aMusic history$1http://www.wikidata.org/entity/Q846047$921373
=650  \0$aMusical analysis$1http://www.wikidata.org/entity/Q1544924$92775
=942  \\$cBOO
=952  \\$00$10$2ddc$40$6GEN_14_000000000000000$70$8GEN$98948$aORPH$bORPH$cKM12_1$d2020-07-08$eKoopman$i43C02$l0$oGEN14$p20127207$r2021-01-12 00:00:00$w2021-01-12$yBOO
=999  \\$d8957

