=LDR  03043cam a2200409 a 4500
=001  8959
=005  20250925143258.0
=008  951025s1995\\\\gw\a\\\\\b\\\\011\0\ger\\
=020  \\$a3890073034
=040  \\$aOI
=041  \\$ager
=100  \\$4dte$aDammann, Rolf$d1929-2012$912237
=245  00$aMusikalisches Welttheater:$bFestschrift für Rolf Dammann zum 65. Geburtstag
=260  \\$aLaaber$bLaaber-Verlag$c1995
=300  \\$ax-227 pages$bill.$c25 cm
=490  0\$aFreiburger Beiträge zur Musikwissenschaft$v3
=504  \\$a"Schriftenverzeichnis Rolf Dammann": p. [223]-224.
=504  \\$aIncludes bibliographical references and index.
=505  \\$aH. Möller: Im Kampf mit dem Teufel: Die Messe als Heilsdrama bei Honorius Augustudonensis (1) -- S. Ehrmann: Emilio de 'Cavalieris 'Rappresentatione di anima, et di corpo' (21) -- G. Splitt: Das dramatisierte Sonett: Monteverdis Petrarca-Vertonung 'Hor ch'el Ciel e la terra' (21) -- W. Braun: "Amor docet musicam": Emblematik und Musiktheater (85) -- K. J. Sachs: '...maxime locum habet in Comoediis': Die 'Musica Pythagorica' des Athanasius Kircher: Spielwerk als Sinnbild (97) -- W. Ruf: Athanasius Kirchers 'Decachordon naturae': Die Orgel als Symbol der Welt (115) -- S. Chaal: Von der Opera seria zum Sacred Drama: Tradition und Neuerung in Händels Bühnenwerken (137) -- K. Küster: Don Giovannis Canzonetta: Rollenporträt an den Grenzen des Theaters (161) -- G. Schnitzler: 'The Rake's Progress': Hogarth, Lichtenberg, Strawinsky (177) -- H. Danuser: Notizen zu Hindemiths 'Die Harmonie der Welt' (203) -- A. Riethmüller: Karlheinz Stockhausen: Der Komponist als Interpret (213)
=600  \0$aCavalieri, Emilio de'$dc. 1550-1602$cc. 1550-1602$1http://www.wikidata.org/entity/Q360436$922792
=600  \0$aMonteverdi, Claudio$d1567-1643$1http://www.wikidata.org/entity/Q53068$910794
=600  \0$aMozart, Wolfgang Amadeus$d1756-1791$1http://www.wikidata.org/entity/Q254$95341
=600  \0$aStravinsky, Igor$d1882-1971$1http://www.wikidata.org/entity/Q7314$919367
=600  \0$aStockhausen, Karlheinz$d1928-2007$1http://www.wikidata.org/entity/Q37546939$915865
=648  \0$a17th Century (1601-1700)$1http://www.wikidata.org/entity/Q7016$920923
=648  \0$a18th Century (1701-1800)$1http://www.wikidata.org/entity/Q7015$920899
=648  \0$a19th Century (1801-1900)$1http://www.wikidata.org/entity/Q6955$920935
=648  \0$a20th Century (1901-2000)$1http://www.wikidata.org/entity/Q6927$920936
=650  \0$aMusic history$1http://www.wikidata.org/entity/Q846047$921373
=650  \0$aPlay (theater)$1http://www.wikidata.org/entity/Q25379$921414
=650  \0$aPoetry$1http://www.wikidata.org/entity/Q482$93026
=700  \\$aSchaal-Gotthardt, Susanne$d-1964$4edt$912238
=700  \\$aSeedorf, Thomas$4edt$912239
=700  \\$aSplitt, Gerhard$4edt$912240
=942  \\$cBOO
=952  \\$00$10$2ddc$40$6REF_4_000000000000000_DAMM$70$8REF$911972$aORPH$bORPH$cKM12_1$d2020-07-08$eKoopman$i22C03$oREF4 DAMM$p20125664$r2021-01-12 00:00:00$w2021-01-12$yBOO
=999  \\$d8959

