=LDR  02304cam a2200289 i 4500
=001  8961
=005  20250925143258.0
=008  161223t20162016gw\agh\\\b\\\\001\0\ger\d
=041  \\$ager
=100  \\$aKüster, Konrad$d1959-$1http://www.wikidata.org/entity/Q114432$4aut$912242
=245  10$aMusik im Namen Luthers:$bKulturtraditionen seit der Reformation
=264  \1$aKassel$bBärenreiter$aStuttgart$bMetzler$c2016
=300  \\$a319 pages$billustrations, facsimiles, music
=504  \\$aIncludes bibliographical references (pages 292-309) and index.
=505  0\$a"Ein neues Lied wir heben an"? Musik in der Liturgie Luthers - Diesseitspflichten und Jenseitsaussichten. Was rechtfertigt "lutherische Musik?" -- Musikprofis, Musikamateure. Kantoren und Organisten, Lateinschüler und Adjuvanten -- "Lobet den Herren mit Saiten und Orgeln" Das Luthertum und die Orgelkunst im nördlichen Mitteleuropa -- "Florilegium Portense" Warum die lutherische Musiktradition nicht in Luthers Zeit zurückreicht -- Kirchenmusik und Glaubenspolitik. Heinris-ch Schütz im Dreissigjährigen Krieg -- "Lasset uns den Herren preisen" Das Luthertum nach 1648 und das Lied -- "Da sprach Jesus..." Evangelium und Kirchenkantate -- "Ich habe fleissig seyn müssen" Bach als Organist und als Leipziger Director musices -- Kirchenmusik zwischen Gottesdienst und Konzertleben. Das zweite lutherische Vierteljahrtausend
=648  \0$a16th Century (1501-1600)$1http://www.wikidata.org/entity/Q7017$920944
=648  \0$a17th Century (1601-1700)$1http://www.wikidata.org/entity/Q7016$920923
=648  \0$a18th Century (1701-1800)$1http://www.wikidata.org/entity/Q7015$920899
=648  \0$a19th Century (1801-1900)$1http://www.wikidata.org/entity/Q6955$920935
=648  \0$a20th Century (1901-2000)$1http://www.wikidata.org/entity/Q6927$920936
=650  \0$aLutheranism$1http://www.wikidata.org/entity/Q75809$923975
=650  \0$aChurch music$1http://www.wikidata.org/entity/Q8812109$92283
=650  \0$aMusic history$1http://www.wikidata.org/entity/Q846047$921373
=651  \0$aGermany$1http://www.wikidata.org/entity/Q183$9155
=942  \\$cBOO
=952  \\$00$10$2ddc$40$6TOP_DE_4_000000000000000$70$8TOP$98952$aORPH$bORPH$cKTS0$d2020-07-08$eKoopman$i47C13$l0$oTOP DE 4$p20123738$r2021-01-12 00:00:00$w2021-01-12$yBOO
=999  \\$d8961

