=LDR  00353    a2200109   4500
=001  8964
=100  \\$aLaar, J. van$912245
=245  \\$aVanuit Schumann
=260  \\$c1994
=942  \\$cBOO
=952  \\$00$10$2ddc$40$6BIO_SCHU2_E$70$8BIO$98955$aORPH$bORPH$cKTS1_P$d2020-07-08$eKoopman$i23E12$oBIO SCHU2 e$p20128943$r2021-01-12 00:00:00$w2021-01-12$yBOO$OKoopman
=999  \\$c8964$d8964

