=LDR  00896aam a2200193   4500
=001  8966
=008  220617s1958\\\\||||||||\||||\00|\f\fre\d
=041  \\$afre
=100  \\$aChoderlos de Laclos, Pierre$d1741-1803$4aut$1http://www.wikidata.org/entity/Q212476$910211
=245  \\$aLes Liaisons dangereuses
=260  \\$aParis$bGallimard$c1958
=648  \0$a18th Century (1701-1800)$1http://www.wikidata.org/entity/Q7015$920899
=650  \0$aNovel$1http://www.wikidata.org/entity/Q8261$921629
=650  \0$aEroticism$1http://www.wikidata.org/entity/Q3519050$924422
=651  \0$aFrance$1http://www.wikidata.org/entity/Q142$9131
=700  \\$4win$aMalraux, André$d1901-1976$1http://www.wikidata.org/entity/Q151164$924421
=942  \\$cBOO
=952  \\$00$10$2ddc$40$6LIT_LACL_A$70$8LIT$98957$aORPH$bORPH$cKM12_2_H$d2020-07-08$eKoopman$i40H25$oLIT LACL a$p20122196$r2021-01-12 00:00:00$w2021-01-12$yBOO
=999  \\$d8966

