=LDR  01844aam a2200313   4500
=001  8969
=008  240506m19631964|||aof||\||||\00|\|dfre\d
=041  \\$afre
=245  \\$aLes grands auteurs français du programme.$bXVIe Siècle - XVIIe Siècle - XVIIIe Siècle
=260  \\$aParis$bBordas$aBrussels$bAsedi$c1963-64
=300  \\$a3 volumes (256+448+416 pages)
=490  \\$aTextes et Littérature Collection Lagarde & Michard$v2,3,4
=500  \\$aMissing volumes: 1. Moyen âge; 5. XIXe siècle; 6. XXe siècle
=534  \\$aOriginally published in 1948-62
=648  \0$a16th Century (1501-1600)$1http://www.wikidata.org/entity/Q7017$920944
=648  \0$a17th Century (1601-1700)$1http://www.wikidata.org/entity/Q7016$920923
=648  \0$a18th Century (1701-1800)$1http://www.wikidata.org/entity/Q7015$920899
=650  \0$aLiterature$1http://www.wikidata.org/entity/Q8242$94439
=650  \0$aTheater history$1http://www.wikidata.org/entity/Q1061140$94607
=650  \0$aFrench$1http://www.wikidata.org/entity/Q150$923117
=650  \0$aEducation$1http://www.wikidata.org/entity/Q8434$926206
=651  \0$aFrance$1http://www.wikidata.org/entity/Q142$9131
=700  \\$aLagarde, André$4edt$912250
=700  \\$aMichard, Laurent$4edt$927324
=942  \\$cBOO
=952  \\$00$10$2ddc$3XVIe siècle$40$6TOP_FR_4_000000000000000$70$8TOP$98960$aORPH$bORPH$cKTS0$d2020-07-08$eKoopman$i43D25 II$l0$oTOP FR 4$p20126507$r2021-01-12 00:00:00$w2021-01-12$yBOO
=952  \\$00$10$2ddc$3XVIIe siècle$40$6TOP_FR_5_000000000000000$70$8TOP$98961$aORPH$bORPH$cKTS0$d2020-07-08$eKoopman$i43D25$l0$oTOP FR 5$p20126506$r2021-01-12 00:00:00$w2021-01-12$yBOO
=952  \\$00$10$2ddc$3XVIIIe siècle$40$6TOP_FR_5_000000000000000$70$8TOP$98962$aORPH$bORPH$cKTS0$d2020-07-08$eKoopman$i43D25$l0$oTOP FR 5$p20126505$r2021-01-12 00:00:00$w2021-01-12$yBOO
=999  \\$d8969

