=LDR  00649    a2200181   4500
=001  8972
=008  210830s2012\\\\||||||||\||||\00|\0\mul\d
=020  \\$a9782865654659
=041  \\$afre$aoci
=100  \\$aLagarde, André$4aut$912250
=245  \\$aLa Palanqueta. Dictionnaire Occitan - Français, Français - Occitan
=260  \\$c2012
=300  \\$a423 pages
=650  \0$aDictionary$1http://www.wikidata.org/entity/Q23622$921580
=700  \\$4win$aPech, Rémy$922111
=942  \\$cBOO
=952  \\$00$10$2ddc$40$6REF_1_000000000000000$70$8REF$98963$aORPH$bORPH$cKM12_1$d2020-07-08$eKoopman$i45D36$oREF1$p20127293$r2021-01-12 00:00:00$w2021-01-12$yBOO
=999  \\$d8972

