=LDR  00345    a2200109   4500
=001  8973
=100  \\$aLagerhof, S.$912251
=245  \\$aChristus legende
=260  \\$cs.d.
=942  \\$cBOO
=952  \\$00$10$2ddc$40$6LIT_LAGE_A$70$8LIT$98964$aORPH$bORPH$cKM12_2_H$d2020-07-08$eKoopman$i40G01$oLIT LAGE a$p20122262$r2021-01-12 00:00:00$w2021-01-12$yBOO
=999  \\$c8973$d8973

