=LDR  01313cam a2200289 a 4500
=001  8974
=005  20251027122045.0
=008  900427s1988\\\\it\aof\\\b\\\\001\0\ita\|
=041  \\$aita
=100  \\$aLagnier, Emanuela$4aut$941659
=245  10$aIconografia musicale in Valle d'Aosta 
=260  \\$aRome$bTorre d'Orfeo$c1988
=300  \\$a149 pages
=490  \\$aIconografia musicale in Italia $v1
=500  \\$aErrata slip inserted.
=504  \\$aIncludes bibliographical references (p. 137-144).
=648  \0$aRenaissance (1400-1600)$1http://www.wikidata.org/entity/Q4692$920965
=650  \0$aIconography$1http://www.wikidata.org/entity/Q208145$921259
=650  \0$aOrganology$1http://www.wikidata.org/entity/Q899293$921400
=650  \0$aFine art$1http://www.wikidata.org/entity/Q219625$921579
=650  \0$aMusic history$1http://www.wikidata.org/entity/Q846047$921373
=651  \0$aAosta Valley (Italy)$1http://www.wikidata.org/entity/Q1222$941661
=700  \\$aRivolin, Joseph-Gabriel$4aut$941660
=700  \\$aFerrari Barassi, Elena$1http://www.wikidata.org/entity/Q55622477$4aut$913714
=942  \\$cBOO
=952  \\$00$10$2ddc$40$6TOP_IT_AOS_4_000000000000000$70$8TOP$98965$aORPH$bORPH$cKTS0$d2020-07-08$eKoopman$i20A36$l0$oTOP IT.AOS 4$p20128015$r2021-01-12 00:00:00$w2021-01-12$yBOO$OKoopman
=999  \\$d8974

