=LDR  01003cam a22002531  4500
=001  8975
=005  20250121142124.0
=008  750417s1974\\\\gw\\\\\\\\\\\\000\0\ger\\
=020  \\$a3170017772
=040  \\$aOI
=041  \\$ager
=100  \\$aLahnstein, Peter$4aut$912252
=245  14$aDas Leben im Barock:$bZeugnisse und Berichte 1640-1740
=260  \\$aStuttgart$bKohlhammer$c1974
=300  \\$a328 pages$c22 cm
=504  \\$aBibliography: p. 325-328.
=648  \0$a17th Century (1601-1700)$1http://www.wikidata.org/entity/Q7016$920923
=648  \0$a18th Century (1701-1800)$1http://www.wikidata.org/entity/Q7015$920899
=650  \0$aBaroque$1http://www.wikidata.org/entity/Q37853$921255
=650  \0$aCuckoo$1http://www.wikidata.org/entity/Q18845$922474
=651  \0$aGermany$1http://www.wikidata.org/entity/Q183$9155
=942  \\$cBOO
=952  \\$00$10$2ddc$40$6HUM_LAHN$70$8HUM$98966$aORPH$bORPH$cKM12_1$d2020-07-08$eKoopman$i20C26$oHUM LAHN$p20128088$r2021-01-12 00:00:00$w2021-01-12$yBOO
=999  \\$d8975

