=LDR  01265aam a2200265   4500
=001  8977
=005  20251031124559.0
=008  250617s1985\\\\||||||||\||||\10|\0\eng\d
=041  \\$aeng
=245  \\$aMusic in Colonial Massachusetts 1630-1820$nII:$pMusic in Homes and in Churches
=260  \\$aBoston, MA$bColonial Society of Massachusetts$c1985
=300  \\$ali-[785] pages
=500  \\$aPages numbered from 409 to 1194
=590  \\$aA conference held by the Colonial Society of Massachusetts May 17 and 18, 1973
=648  \0$a17th Century (1601-1700)$1http://www.wikidata.org/entity/Q7016$920923
=648  \0$a18th Century (1701-1800)$1http://www.wikidata.org/entity/Q7015$920899
=648  \0$a19th Century (1801-1900)$1http://www.wikidata.org/entity/Q6955$920935
=650  \0$aMusic history$1http://www.wikidata.org/entity/Q846047$921373
=650  \0$aColonialism$1http://www.wikidata.org/entity/Q7167$925026
=651  \0$aMassachusetts (USA)$1http://www.wikidata.org/entity/Q771$940403
=700  \\$aLambert, B.$4edt$912255
=700  \\$aAllis, F. S.$4edt$940402
=942  \\$cBOO
=952  \\$00$10$2ddc$40$6TOP_US_MAS$70$8TOP$98968$aORPH$bORPH$cKTS0$d2020-07-08$eKoopman$i33C12$l0$oTOP US.MAS$p20123014$r2021-01-12 00:00:00$w2021-01-12$yBOO$OKoopman
=999  \\$d8977

