=LDR  01296aam a2200253   4500
=001  8981
=005  20251003085457.0
=008  211117s1987\\\\\\\|||||\||||\00|\0\ger\d
=020  \\$a3980180301
=041  \\$ager
=100  \\$aLambrecht, J.$4edt$912259
=245  \\$aDas "Heidelberger Kapellinventar" von 1544 (Codex Pal. Germ. 318):$bEdition und Kommentar
=246  \1$aDas sogenannte Heidelberger Kapellinventar von 1544
=260  \\$aHeidelberg$bUniversitätsbibliothek Heidelberg$c1987
=300  \\$a2 vols. (664 pages)
=490  \\$aHeidelberger Bibliotheksschriften$v26
=648  \0$a16th Century (1501-1600)$1http://www.wikidata.org/entity/Q7017$920944
=650  \0$aCappella$1http://www.wikidata.org/entity/Q19902156$922910
=650  \0$aCatalogue$1http://www.wikidata.org/entity/Q2352616$921484
=651  \0$aHeidelberg (Germany)$1http://www.wikidata.org/entity/Q2966$921984
=942  \\$cBOO
=952  \\$00$10$2ddc$3Edition$40$6BIB_DE_HEI1_4_000000000000000$70$8BIB$98972$aORPH$bORPH$cKTS0$d2020-07-08$eKoopman$i37D10_01$oBIB DE.HEI1 4$p20120548$r2021-01-12 00:00:00$w2021-01-12$yBOO
=952  \\$00$10$2ddc$3Kommentar$40$6BIB_DE_HEI1_4_000000000000000$70$8BIB$98973$aORPH$bORPH$cKTS0$d2020-07-08$eKoopman$i37D10_02$oBIB DE.HEI1 4$p20120547$r2021-01-12 00:00:00$w2021-01-12$yBOO
=999  \\$d8981

