=LDR  00942aam a2200193   4500
=001  8983
=008  230217s1970\\\\||||||||\||||\00|\0\dut\d
=041  \\$adut
=100  \\$aLambrechts-Douillez, Jeannine$d1928-1920$4aut$912261
=245  \\$aAntwerpse klavecimbels in het Museum Vleeshuis
=260  \\$aAntwerp$bRuckers Genootschap$c1970
=300  \\$a25 pages
=600  \0$aRuckers, Hans$d1533/40-1598$bthe Elder$1http://www.wikidata.org/entity/Q19569794$922847
=610  \0$aMuseum Vleeshuis | Klank van de Stad (Antwerp, Belgium)$1http://www.wikidata.org/entity/Q106557305$925749
=650  \0$aHarpsichord$1http://www.wikidata.org/entity/Q81982$92125
=651  \0$aAntwerp (Belgium)$1http://www.wikidata.org/entity/Q12892$920974
=942  \\$cBOO
=952  \\$00$10$2ddc$40$6INS_3_000000000000000_2B_BE_ANT$70$8INS$98974$aORPH$bORPH$cKTS0$d2020-07-08$eKoopman$i21B36$l0$oINS3.2b BE.ANT$p20128404$r2021-01-12 00:00:00$w2021-01-12$yBOO$OKoopman
=999  \\$d8983

