=LDR  01327aam a2200265   4500
=001  8984
=008  230912s1982\\\\be\|||||\||||\00|\0\dut\d
=041  \\$adut
=245  \\$aI. Stamboom der klavecimbelbouwersfamilie Ruckers-Couchet
=260  \\$aAntwerp$bRuckers-Genootschap$c1982
=300  \\$a43 pages
=490  \\$aMededelingen van het Ruckers-Genootschap$v1
=610  \0$aRuckers family$1http://www.wikidata.org/entity/Q63258083$922344
=610  \0$aCouchet family$1http://www.wikidata.org/entity/Q111966511$926833
=648  \0$1http://www.wikidata.org/entity/Q7017$a16th Century (1501-1600)$920944
=648  \0$1http://www.wikidata.org/entity/Q7016$a17th Century (1601-1700)$920923
=650  \0$1http://www.wikidata.org/entity/Q52954$aKeyboard instrument$92849
=650  \0$1http://www.wikidata.org/entity/Q81982$aHarpsichord$92125
=650  \0$1http://www.wikidata.org/entity/Q899293$aOrganology$921400
=651  \0$1http://www.wikidata.org/entity/Q12892$aAntwerp (Belgium)$920974
=700  \\$aLambrechts-Douillez, Jeannine$d1928-1920$4aut$912261
=700  \\$aBosschaerts-Eykens, M.-J.$4aut$917921
=942  \\$cBOO
=952  \\$00$10$2ddc$40$6INS_3_000000000000000_2B_RUCK$70$8INS$98975$aORPH$bORPH$cKTS0$d2020-07-08$eKoopman$i23F33-I$l0$oINS3.2b RUCK$p20128683$r2021-01-12 00:00:00$w2021-01-12$yBOO$OKoopman
=999  \\$d8984

