=LDR  01232aam a2200253   4500
=001  8985
=008  230912s1983\\\\be\a||||\||||\00|\0\dut\d
=041  \\$adut
=100  \\$aLambrechts-Douillez, Jeannine$d1928-1920$4edt$912261
=110  \\$aRuckers-Genootschap (Antwerp, Belgium)$4edt$926632
=245  \\$aIII. Hans en Joannes Ruckers
=260  \\$c1983$aAntwerp$bRuckers Genootschap
=300  \\$a52 pages
=490  \\$aMededelingen van het Ruckers-Genootschap$v3
=610  \0$1http://www.wikidata.org/entity/Q63258083$aRuckers family$922344
=648  \0$1http://www.wikidata.org/entity/Q7017$a16th Century (1501-1600)$920944
=648  \0$1http://www.wikidata.org/entity/Q7016$a17th Century (1601-1700)$920923
=650  \0$1http://www.wikidata.org/entity/Q899293$aOrganology$921400
=650  \0$1http://www.wikidata.org/entity/Q81982$aHarpsichord$92125
=650  \0$1http://www.wikidata.org/entity/Q52954$aKeyboard instrument$92849
=651  \0$1http://www.wikidata.org/entity/Q12892$aAntwerp (Belgium)$920974
=942  \\$cBOO
=952  \\$00$10$2ddc$40$6INS_3_000000000000000_2B_RUCK$70$8INS$98976$aORPH$bORPH$cKTS0$d2020-07-08$eKoopman$i23F33-III$l0$oINS3.2b RUCK$p20128672$r2021-01-12 00:00:00$w2021-01-12$yBOO$OKoopman
=999  \\$d8985

