=LDR  01256aam a2200253   4500
=001  8986
=008  230912s1984\\\\be\a||||\||||\00|\0\dut\d
=041  \\$adut
=100  \\$aLambrechts-Douillez, Jeannine$d1928-1920$4edt$912261
=110  \\$aRuckers-Genootschap (Antwerp, Belgium)$4edt$926632
=245  \\$aIV. Andreas Ruckers de oude, Andreas Ruckers de jonge
=260  \\$c1984$aAntwerp$bRuckers Genootschap
=300  \\$a72 pages
=490  \\$aMededelingen van het Ruckers-Genootschap$v4
=610  \0$1http://www.wikidata.org/entity/Q63258083$aRuckers family$922344
=648  \0$1http://www.wikidata.org/entity/Q7016$a17th Century (1601-1700)$920923
=648  \0$1http://www.wikidata.org/entity/Q7015$a18th Century (1701-1800)$920899
=650  \0$1http://www.wikidata.org/entity/Q899293$aOrganology$921400
=650  \0$1http://www.wikidata.org/entity/Q81982$aHarpsichord$92125
=650  \0$1http://www.wikidata.org/entity/Q52954$aKeyboard instrument$92849
=651  \0$1http://www.wikidata.org/entity/Q12892$aAntwerp (Belgium)$920974
=942  \\$cBOO
=952  \\$00$10$2ddc$40$6INS_3_000000000000000_2B_RUCK$70$8INS$98977$aORPH$bORPH$cKTS0$d2020-07-08$eKoopman$i23F33-IV$l0$oINS3.2b RUCK$p20128671$r2021-01-12 00:00:00$w2021-01-12$yBOO$OKoopman
=999  \\$d8986

