=LDR  01197aam a2200241   4500
=001  8988
=008  250822s2006\\\\|||a||||\c|||\00|\0ddut\d
=020  \\$a9789040091605
=041  \\$adut
=245  \\$aUylenburgh & Zoon:$bKunst en commercie van Rembrandt tot De Lairesse 1625-1675
=260  \\$aZwolle$bWaanders$c2006
=600  \0$aRembrandt$d1606-1669$1http://www.wikidata.org/entity/Q5598$914481
=600  \0$aLairesse, Gérard de$d1640-1711$1http://www.wikidata.org/entity/Q533958$922831
=648  \0$a17th Century (1601-1700)$1http://www.wikidata.org/entity/Q7016$920923
=648  \0$a18th Century (1701-1800)$1http://www.wikidata.org/entity/Q7015$920899
=650  \0$aFine art$1http://www.wikidata.org/entity/Q219625$921579
=650  \0$aTrade$1http://www.wikidata.org/entity/Q601401$923616
=651  \0$aNetherlands$1http://www.wikidata.org/entity/Q55$1http://www.wikidata.org/entity/Q29999$9173
=700  \\$aLammertse, F.$4aut$912262
=700  \\$aVeen, Jan van der$dfl. 21st Century$4aut$915211
=942  \\$cBOO
=952  \\$00$10$2ddc$40$6BIO_UYLE_D$70$8BIO$98979$aORPH$bORPH$cKTS1_P$d2020-07-08$eKoopman$i41C24$oBIO UYLE d$p20122161$r2021-01-12 00:00:00$w2021-01-12$yBOO$OKoopman
=999  \\$d8988

