=LDR  00368    a2200109   4500
=001  8989
=100  \\$aLamott, B.A.$912263
=245  \\$aKeyboard improvisation according
=260  \\$c1980
=942  \\$cBOO
=952  \\$00$10$2ddc$40$6BIO_SPIR_E$70$8BIO$98980$aORPH$bORPH$cKTS1_P$d2020-07-08$eKoopman$i47B20$oBIO SPIR e$p20121493$r2021-01-12 00:00:00$w2021-01-12$yBOO$OKoopman
=999  \\$c8989$d8989

