=LDR  01304aam a2200253   4500
=001  8990
=008  211119b\\\\\\\\||||||||\||||\00|\0\###\d
=041  \\$adut
=100  \\$4col$aSmout, Adriaan$1http://www.wikidata.org/entity/Q2588065$922995
=245  \\$aHet luitboek van Thysius
=260  \\$aAmsterdam$bMuller$c1889
=300  \\$a409 pages
=600  \0$aThysius, Johannes$d1622-1653$1http://www.wikidata.org/entity/Q4843509$922992
=610  \0$aBibliotheca Thysiana (Leiden, Netherlands)$1http://www.wikidata.org/entity/Q2901261$922996
=648  \0$a16th Century (1501-1600)$1http://www.wikidata.org/entity/Q7017$920944
=648  \0$a17th Century (1601-1700)$1http://www.wikidata.org/entity/Q7016$920923
=650  \0$aLute$1http://www.wikidata.org/entity/Q180733$93944
=650  \0$aManuscript$1http://www.wikidata.org/entity/Q87167$92275
=650  \0$aTablature$1http://www.wikidata.org/entity/Q143217$93722
=651  \0$aLeiden (Netherlands)$1http://www.wikidata.org/entity/Q43631$978
=700  \\$4edt$4win$aLand, Jan Pieter Nicolaas$d1834-1897$1http://www.wikidata.org/entity/Q2312130$922986
=942  \\$cBOO
=952  \\$00$10$2ddc$40$6INS_5_000000000000000_1D_LAND$70$8INS$98981$aORPH$bORPH$cKTS0$d2020-07-08$eKoopman$i21C16$oINS5.1d LAND$p20128223$r2021-01-12 00:00:00$w2021-01-12$yBOO
=999  \\$d8990

