=LDR  01753    a2200337   4500
=001  8995
=005  20250925143258.0
=008  221208s1919\\\\|||fo|||\||||\00|\0\fre\d
=041  \\$afre
=100  \\$aLandrieux, Maurice$d1857-1926$4aut$1http://www.wikidata.org/entity/Q15970325$912269
=245  \\$aLa Cathédrale de Reims :$bun crime allemand
=260  \\$aParis$bRenouard$c1919
=300  \\$a237 pages, 96 pages of plates
=504  \\$aIncludes an index and a list of illustrations
=561  \\$aExtensive, handwritten dedication from the author to 'Plesson', Mans, Septembre 1926
=648  \0$a20th Century (1901-2000)$1http://www.wikidata.org/entity/Q6927$920936
=650  \0$aChurch$1http://www.wikidata.org/entity/Q16970$93776
=650  \0$aConservation and restoration$1http://www.wikidata.org/entity/Q217102$922845
=650  \0$aCatholicism$1http://www.wikidata.org/entity/Q1841$921631
=650  \0$aWorld War I (1914-1918)$1http://www.wikidata.org/entity/Q36$92913
=651  \0$aReims (France)$1http://www.wikidata.org/entity/Q41876$923193
=653  \0$abeiaard$341, 46, 59, 150, pl. 47, pl. 49, pl. 59$020126825$w16D29$929377
=653  \0$aCavaillé-Coll$3142$020126825$w16D29$930324
=653  \0$aorgel$344, 142, 148$020126825$w16D29$935465
=653  \0$aharp$3pl. 29, pl. 33$020126825$w16D29$932582
=653  \0$aViollet-le-Duc$3155$020126825$w16D29$937597
=653  \\$agebeeldhouwd koorgestoelte$3142$020126825$w16D29$932056
=653  \\$agebrandschilderde ramen$3139, 140$020126825$w16D29$932061
=942  \\$cBOO
=952  \\$00$10$2ddc$40$6KTS_1_000000000000000_C1_21_16D29$70$8RAR$98986$aORPH$bORPH$cKTS1_C1$d2020-07-08$eKoopman$i44F14$l0$oKTS1 C1.21 16D29$p20126825$r2021-01-12 00:00:00$w2021-01-12$yBOO$OKoopman
=999  \\$d8995

