=LDR  00946aam a2200205   4500
=001  8996
=008  240418s1962\\\\||||||||\b|||\00|\0\eng\d
=041  \\$aeng
=100  \\$aLandwehr, John$4aut$912271
=245  \\$aDutch Emblem Books:$bA Bibliography
=260  \\$aUtrecht$bHaentjes Dekker & Gumbert$c1962
=648  \0$a16th Century (1501-1600)$1http://www.wikidata.org/entity/Q7017$920944
=648  \0$a17th Century (1601-1700)$1http://www.wikidata.org/entity/Q7016$920923
=650  \0$aEmblem$1http://www.wikidata.org/entity/Q112110$93250
=650  \0$aBook$1http://www.wikidata.org/entity/Q571$92285
=650  \0$aBibliography$1http://www.wikidata.org/entity/Q134995$93965
=651  \0$aNetherlands$1http://www.wikidata.org/entity/Q55$9173
=942  \\$cBOO
=952  \\$00$10$2ddc$40$6BIB_4_000000000000000_NL_4$70$8BIB$98987$aORPH$bORPH$cKTS0$d2020-07-08$eKoopman$i19E03$l0$oBIB4 NL 4$p20127813$r2021-01-12 00:00:00$w2021-01-12$yBOO$OKoopman
=999  \\$d8996

