=LDR  00894cam a2200229 a 4500
=001  8997
=005  20250120120040.0
=008  810820s1981\\\\ne\a\\\\\\\\\\001\0\dut\\
=015  \\$aNe***
=020  \\$a9021827514 :$cfl 47.00
=040  \\$aOI
=041  \\$adut
=100  \\$aLandwehr, John$4aut$912271
=245  13$aDe Nederlander uit en thuis:$bspiegel van het dagelijkse leven uit bijzondere zeventiende-eeuwse boeken$cJ
=260  \\$aAlphen aan den Rijn$bSijthoff$c1981
=300  \\$a200 p. :$bill. ;$c27 cm.
=648  \0$a17th Century (1601-1700)$1http://www.wikidata.org/entity/Q7016$920923
=651  \0$aNetherlands$1http://www.wikidata.org/entity/Q55$9173
=653  \\$ageneral history
=942  \\$cBOO
=952  \\$00$10$2ddc$40$6TOP_NL_5_000000000000000$70$8TOP$98988$aORPH$bORPH$cKTS0$d2020-07-08$eKoopman$i24E46$l0$oTOP NL 5$p20125911$r2021-01-12 00:00:00$w2021-01-12$yBOO
=999  \\$c8997$d8997

