=LDR  01242cam a2200277   4500
=001  8998
=005  20250121142124.0
=008  720202s1971\\\\ne\a\\\\\b\\\\000\0\eng\\
=015  \\$aNe71-42
=020  \\$a9060042875
=040  \\$aOI
=100  \\$aLandwehr, John$912271
=245  10$aSplendid ceremonies; state entries and royal funerals in the Low Countries, 1515-1791.$bA bibliography.
=260  \\$aNieuwkoop,$bDe Graaf;$aLeiden,$bSijthoff,$c1971.
=300  \\$a276 p. with illus.$c27 cm.
=350  \\$afl135.00
=648  \0$a16th Century (1501-1600)$1http://www.wikidata.org/entity/Q7017$920944
=648  \0$a17th Century (1601-1700)$1http://www.wikidata.org/entity/Q7016$920923
=648  \0$a18th Century (1701-1800)$1http://www.wikidata.org/entity/Q7015$920899
=650  \0$aProcession$1http://www.wikidata.org/entity/Q898830$92950
=651  \0$aBelgium$1http://www.wikidata.org/entity/Q31$920881
=651  \0$aNetherlands$1http://www.wikidata.org/entity/Q55$9173
=651  \0$aLuxembourg$1http://www.wikidata.org/entity/Q32$922679
=942  \\$cBOO
=952  \\$00$10$2ddc$40$6TOP_BE_4_000000000000000$70$8TOP$98989$aORPH$bORPH$cKTS0$d2020-07-08$eKoopman$l0$oTOP BE 4$p20120728$r2021-01-12 00:00:00$w2021-01-12$yBOO$OKoopman
=999  \\$d8998

