=LDR  01102aam a2200241   4500
=001  8999
=008  231230s1970\\\\||||||||\||||\00|\0deng\d
=020  \\$a9063004672
=041  \\$aeng
=100  \\$aLandwehr, John$4aut$912271
=245  \\$aRomeyn de Hooghe (1645-1708) as Book Illustrator
=260  \\$aAmsterdam$bVangendt$c1970
=300  \\$a247 pages
=504  \\$aIncludes indices of names, artists, portraits, subjects and publishers-printers-booksellers
=600  \0$aHooghe, Romeyn de$d1645-1708$1http://www.wikidata.org/entity/Q278068$914823
=648  \0$a17th Century (1601-1700)$1http://www.wikidata.org/entity/Q7016$920923
=650  \0$aFine art$1http://www.wikidata.org/entity/Q219625$921579
=650  \0$aIllustration$1http://www.wikidata.org/entity/Q178659$921171
=650  \0$aBook$1http://www.wikidata.org/entity/Q571$92285
=651  \0$aNetherlands$1http://www.wikidata.org/entity/Q55$9173
=942  \\$cBOO
=952  \\$00$10$2ddc$40$6BIO_HOOG_E$70$8BIO$98990$aORPH$bORPH$cKTS1_P$d2020-07-08$eKoopman$i36F22$l0$oBIO HOOG e$p20120651$r2021-01-12 00:00:00$w2021-01-12$yBOO$OKoopman
=999  \\$d8999

