=LDR  01283aam a2200265   4500
=001  9000
=008  231116s1972\\\\||||||||\b|||\00|\0\eng\d
=041  \\$aeng
=100  \\$aLandwehr, John$4aut$912271
=245  \\$aGerman Emblem Books 1531-1888:$bA Bibliography
=260  \\$aUtrecht$bHaentjens Dekker & Gumbert$aLeiden$bSijthoff$c1972
=300  \\$aviii-184 pages
=504  \\$aContains indices
=648  \0$a16th Century (1501-1600)$1http://www.wikidata.org/entity/Q7017$920944
=648  \0$a17th Century (1601-1700)$1http://www.wikidata.org/entity/Q7016$920923
=648  \0$a18th Century (1701-1800)$1http://www.wikidata.org/entity/Q7015$920899
=648  \0$a19th Century (1801-1900)$1http://www.wikidata.org/entity/Q6955$920935
=650  \0$aEmblem$1http://www.wikidata.org/entity/Q112110$93250
=650  \0$aBook$1http://www.wikidata.org/entity/Q571$92285
=650  \0$aPublishing$1http://www.wikidata.org/entity/Q3972943$93049
=650  \0$aBibliography$1http://www.wikidata.org/entity/Q134995$93965
=651  \0$aGermany$1http://www.wikidata.org/entity/Q183$9155
=942  \\$cBOO
=952  \\$00$10$2ddc$40$6BIB_4_000000000000000_DE_4$70$8BIB$98991$aORPH$bORPH$cKTS0$d2020-07-08$eKoopman$i38F09$l0$oBIB4 DE 4$p20122324$r2021-01-12 00:00:00$w2021-01-12$yBOO$OKoopman
=999  \\$d9000

