=LDR  01695aam a2200265   4500
=001  9002
=005  20251003085457.0
=008  230524s1981\\\\|||a||||\||||\00|\0\ger\d
=041  \\$ager
=245  \\$aDer Reußische Robinson von 1781:$bBücher aus vier Jahrhunderten
=260  \\$c1981$aBurgk$bStaatliches Museum Schloss Burgk, Pirckheimer-Kabinett
=300  \\$a43 pages
=500  \\$aExhibition from December 1981 to April 1982
=500  \\$a"Die Bibliothek des Staatlichen Museums Schloss Burgk is nicht historisch gewachsen. Nach 1945 wurde im Schloss keine Büchersammlung gefunden [...]. Der Hauptbestand der Bibliothek ist die sogenannte Bibliothek Hänsel: es ist die umrfangreicge, ausserordentlich wertvolle regionalgeschichtliche Sammlung des verdienstvollen Erforschers der Geschichte der Reussen und des thüringischen Oberlandes, des Lehrers und Stadtarchivars von Schleiz, Robert Hänsel (1884-1962). Sie kam 1962 an das Museum."
=590  \\$aKatalog 4 - Ausstellung Dezember 1981 bis April 1982
=610  20$926240$aStaatliches Museum Schloss Burgk
=650  \0$1http://www.wikidata.org/entity/Q464980$aExhibition$925353
=650  \0$1http://www.wikidata.org/entity/Q2352616$aCatalogue$921484
=650  \0$aLibrary$1http://www.wikidata.org/entity/Q7075$94229
=651  \0$aBurgk (Germany)$926239
=700  1\$4edt$aDeckert, Helmut$1http://www.wikidata.org/entity/Q21415604$926241
=700  1\$1http://www.wikidata.org/entity/Q15832744$4edt$aLang, Lothar$912272
=942  \\$cBOO
=952  \\$00$10$2ddc$40$6BIB_4_000000000000000_DE_BUR$70$8BIB$98993$aORPH$bORPH$cKTS0$d2020-07-08$eKoopman$i42F27$l0$oBIB4 DE.BUR$p20121988$r2021-01-12 00:00:00$w2021-01-12$yBOO$OKoopman
=999  \\$d9002

