=LDR  00739aam a2200181   4500
=001  9003
=008  220406s1963\\\\|||g||||\||||\00|\0\eng\d
=041  \\$aeng
=100  \\$aLang, Paul Henry$d1909-1991$4aut$1http://www.wikidata.org/entity/Q322381$912273
=245  \\$aMusic in Western Civilisation
=260  \\$aLondon$bDent$c1963
=300  \\$axxii-1107 pages
=534  \\$aOriginally published in 1941
=648  \0$aPast$1http://www.wikidata.org/entity/Q192630$922196
=650  \0$aMusic history$1http://www.wikidata.org/entity/Q846047$921373
=942  \\$cBOO
=952  \\$00$10$2ddc$40$6GHM_0_000000000000000$70$8GHM$98994$aORPH$bORPH$cKM12_1$d2020-07-08$eKoopman$i30A15$l1$oGHM0$p20123430$r2025-08-29 17:49:50$s2025-08-29$w2021-01-12$yBOO
=999  \\$d9003

