=LDR  00386    a2200121   4500
=001  9006
=020  \\$a9789061536734
=100  \\$aLange, J.$912276
=245  \\$aJordaens en de Antieken
=260  \\$c2012
=942  \\$cBOO
=952  \\$00$10$2ddc$40$6BIO_JORD_C$70$8BIO$98997$aORPH$bORPH$cKTS1_P$d2020-07-08$eKoopman$i46B13$oBIO JORD c$p20127611$r2021-01-12 00:00:00$w2021-01-12$yBOO$OKoopman
=999  \\$c9006$d9006

