=LDR  00844aam a2200205   4500
=001  9007
=008  230314s1955\\\\gw\f||||\||||\00|\0\ger\d
=041  \\$ager
=100  \\$aLange, Martin$912277$4aut
=245  \\$aKleine Orgelkunde. $bBau und Funktion der Orgel
=260  \\$aBasel$bBärenreiter$c1955
=300  \\$a70 pages
=500  \\$aWith ms dedication by Hans Klotz to Dr. M.A. Vente, Cologne 27.07.1955
=561  \\$aEx libris M.A. Vente
=590  \\$aIn 103 Abbildungen mit kurzgefassten Erklärungen
=650  \0$aOrgan$1http://www.wikidata.org/entity/Q1444$92810
=650  \0$aOrganology$1http://www.wikidata.org/entity/Q899293$921400
=942  \\$cBOO
=952  \\$00$10$2ddc$40$6INS_3_000000000000000_1B$70$8INS$98998$aORPH$bORPH$cKTS0$d2020-07-08$eKoopman$i42G51$l0$oINS3.1b$p20120000$r2021-01-12 00:00:00$w2021-01-12$yBOO$OKoopman
=999  \\$d9007

