=LDR  01541cam a22003131  4500
=001  9011
=005  20250120120317.0
=008  780509s1970\\\\ne\a\\\\\b\\\\000\0\dut\\
=015  \\$aNe70-4
=040  \\$aOI
=100  1\$aHeijden, Marcel Charles Antoon van der,$eEditor$4edt
=245  10$aToneeldicht jokt somtijds: blijspelen na 1700
=260  \\$aUtrecht$bSpectrum$c1970
=300  \\$a315 p.$billus.$c18 cm.
=350  \\$a4.15
=490  0\$aSpectrum van de Nederlandse letterkunde$v14
=500  \\$aSamenstelling, inleiding en toelichting van M.C.A. van der Heijden
=504  \\$aBibliography: p. 313-314.
=505  0\$aHet wederzyds huwelyksbedrog, door P. Langendijk.--Blijspelfragmenten: De koffijveiling. Altijd in de contramine. Door De Schoolmeester.--Het poortje, door F. van Eeden.
=650  \0$aPlay (theater)$1http://www.wikidata.org/entity/Q25379$921414
=700  \2$aLangendijk, Pieter$d1683-1756$1http://www.wikidata.org/entity/Q782615$95199
=700  \\$aLinde, Gerrit van de$d1808-1858$1http://www.wikidata.org/entity/Q2409206$98142
=700  \2$aEeden, Frederik van$d1860-1932$1http://www.wikidata.org/entity/Q211514$94949
=906  \\$a7$bcbc$corignew$du$encip$f19$gy-gencatlg
=942  \\$cBOO
=952  \\$00$10$2ddc$40$6LIT_HEIJ_A$70$8LIT$99002$aORPH$bORPH$cKM12_2_H$d2020-07-08$eKoopman$i40H06$oLIT HEIJ a$p20122215$r2021-01-12 00:00:00$w2021-01-12$yBOO
=999  \\$c9011$d9011
=650  \0$aPlay (theater)$1http://www.wikidata.org/entity/Q25379$921414
=651  \0$aNetherlands$1http://www.wikidata.org/entity/Q55$9173

