=LDR  00602    a2200157   4500
=001  9012
=008  220127|\\\\\\\\||||||||\||||\00|\0\dut\d
=041  \\$adut
=100  \\$aLangenkamp, Henk$4aut$912281
=245  \\$aHoe spreekt-ie dan? 50 orgelcartoons
=336  \\$aprinted
=650  \0$aBarrel organ$1http://www.wikidata.org/entity/Q752638$93504
=650  \0$aIllustration$1http://www.wikidata.org/entity/Q178659$921171
=942  \\$cBOO
=952  \\$00$10$2ddc$40$6INS_3_000000000000000_1A$70$8INS$99003$aORPH$bORPH$cKTS0$d2020-07-08$eKoopman$i24G34$oINS3.1a$p20125795$r2021-01-12 00:00:00$w2021-01-12$yBOO
=999  \\$d9012

