=LDR  01608cam a2200373 a 4500
=001  9013
=005  20250619112230.0
=008  010713s2001\\\\ne\a\\\\\b\\\\001\0cdut\d
=010  \\$a  2001406047
=020  \\$a907040348X
=035  \\$a(OCoLC)ocm47293915
=035  \\$zMLC 200106
=040  \\$aNYP$cNYP$dDLC
=041  0\$adut$beng
=042  \\$alccopycat
=043  \\$ae-ne---
=100  \\$aLangereis, Sandra$912282
=245  10$aGeschiedenis als ambacht :$boudheidkunde in de Gouden Eeuw : Arnoldus Buchelius en Petrus Scriverius /$cSandra Langereis.
=260  \\$aHaarlem :$bHistorische Vereniging Holland ;$aHilversum :$bVerloren,$c2001.
=300  \\$a368 p. :$bill. ;$c24 cm.
=546  \\$aText in Dutch; summary in English.
=504  \\$aIncludes bibliographical references (p. [339]-358) and index.
=600  \0$aBuchell, Aernout van$d1565-1641$912283
=600  \0$aSchrijver, Pieter,$d1576-1660.$912284
=650  \0$aAntiquarianism$1http://www.wikidata.org/entity/Q56418598$93233
=650  \0$aAntiquarianism$1http://www.wikidata.org/entity/Q56418598$93233
=651  \0$aNetherlands$1http://www.wikidata.org/entity/Q55$9173
=651  \0$aNetherlands$1http://www.wikidata.org/entity/Q55$9173
=651  \0$aNetherlands$1http://www.wikidata.org/entity/Q55$9173
=942  \\$cBOO
=952  \\$00$10$2ddc$40$6BIO_BUCH_D$70$8BIO$99004$aORPH$bORPH$cKTS1_P$d2020-07-08$eKoopman$i23B38$oBIO BUCH d$p20128517$r2021-01-12 00:00:00$w2021-01-12$yBOO$OKoopman
=999  \\$c9013$d9013
=490  \\$aHollandse studiën ;$v37
=648  \0$a17th Century (1601-1700)$1http://www.wikidata.org/entity/Q7016$920923

