=LDR  01060    a2200241   4500
=001  9016
=005  20251003085457.0
=008  211115s1974\\\\-ukf||||\||||\00|\0\eng\d
=041  \\$aeng
=100  \\$aLangwill, Lyndesay G.$4aut$912286
=245  \\$aAn Index of Musical Wind-Instrument Markers
=250  \\$a4th ed., revised, enlarged, and illustrated
=260  \\$aEdinburgh$bLangwill$c1974
=300  \\$a272 pages
=648  \0$a18th Century (1701-1800)$1http://www.wikidata.org/entity/Q7015$920899
=648  \0$a19th Century (1801-1900)$1http://www.wikidata.org/entity/Q6955$920935
=648  \0$a20th Century (1901-2000)$1http://www.wikidata.org/entity/Q6927$920936
=650  \0$aWind instrument$1http://www.wikidata.org/entity/Q173453$94615
=650  \0$aOrganology$1http://www.wikidata.org/entity/Q899293$921400
=650  \0$aCatalogue$1http://www.wikidata.org/entity/Q2352616$921484
=942  \\$cBOO
=952  \\$00$10$2ddc$40$6INS_6B$70$8INS$99007$aORPH$bORPH$cKTS0$d2020-07-08$eKoopman$i19E30$oINS6b$p20125283$r2021-01-12 00:00:00$w2021-01-12$yBOO
=999  \\$d9016

