=LDR  01053nam a2200229Ia 4500
=001  9018
=008  230131s1982\\\\be\f\\\\\\\\\\\\\\0\dut\d
=041  \\$adut
=100  \\$aLannoo, Luc$912289$4aut
=245  \0$aAnderhalve eeuw kunstambacht te Brugge.$bDe Brugse orgelmakers Berger en hun familie
=260  \\$aBrussels$bMIM$c1982
=300  \\$a40 pages
=610  \0$aBerger family (Bruges, Belgium)$1http://www.wikidata.org/entity/Q19921937$925721
=648  \0$a18th Century (1701-1800)$1http://www.wikidata.org/entity/Q7015$920899
=650  \0$aOrgan$1http://www.wikidata.org/entity/Q1444$92810
=650  \0$aOrganist$1http://www.wikidata.org/entity/Q765778$94471
=650  \0$aBiography$1http://www.wikidata.org/entity/Q36279$91927
=651  \0$aBruges (Belgium)$1http://www.wikidata.org/entity/Q12994$920963
=710  \\$4edt$aMusical Instruments Museum (Brussels, Belgium)$922388
=942  \\$cBOO
=952  \\$00$10$2ddc$40$6INS_3_000000000000000_1B_BERG$70$8INS$99009$aORPH$bORPH$cKTS0$d2020-07-08$eKoopman$i21A18$oINS3.1b BERG$p20128326$yBOO
=999  \\$d9018

