=LDR  00804aam a2200205   4500
=001  9019
=008  220201|\\\\\\\\be\ao|||\||||\00|\0\dut\d
=020  \\$a9069661187
=041  \\$adut
=100  \\$aLannoo, Luc$4aut$912289
=245  \\$aWest-Vlaamse Orgelklanken
=260  \\$aBruges$bVan de Wiele$c1997
=300  \\$a136 pages
=650  \0$aOrgan$1http://www.wikidata.org/entity/Q1444$92810
=650  \0$aOrgan music$1http://www.wikidata.org/entity/Q2003283$91951
=650  \0$aOrganology$1http://www.wikidata.org/entity/Q899293$921400
=651  \0$aFlanders (Belgium)$1http://www.wikidata.org/entity/Q234$989
=942  \\$cBOO
=952  \\$00$10$2ddc$40$6INS_3_000000000000000_1A_BE$70$8INS$99010$aORPH$bORPH$cKTS0$d2020-07-08$eKoopman$i24G50$oINS3.1a BE$p20129306$r2021-01-12 00:00:00$w2021-01-12$yBOO
=999  \\$d9019

