=LDR  01278cam a2200265 i 4500
=001  9020
=005  20251003085457.0
=008  790402r1979\\\\nyu\\\\\\bi\\\001\0\eng\\
=020  \\$a091872810X
=040  \\$aOI
=100  \\$aHaydn, Joseph$d1732-1809$1http://www.wikidata.org/entity/Q7349$94783
=245  10$aThree Haydn Catalogues =$bDrei Haydn Kataloge
=250  \\$a2nd facsim. ed., with a new survey of Haydn's oeuvre
=260  \\$aNew York$bPendragon$c1979
=300  \\$axlvi-119 pages$c32 cm
=490  1\$aThematic Catalogues Series$v4
=504  \\$aBibliography: p. xlvi.
=600  \0$aHaydn, Joseph$d1732-1809$1http://www.wikidata.org/entity/Q7349$94783
=648  \0$a18th Century (1701-1800)$1http://www.wikidata.org/entity/Q7015$920899
=650  \0$aCatalogue$1http://www.wikidata.org/entity/Q2352616$1http://www.wikidata.org/entity/Q6941730$921484
=700  \\$aLarsen, Jens Peter$d1902-1988$912291
=942  \\$cBOO
=952  \\$00$10$2ddc$40$6BIO_HAYD1_A$70$8BIO$99011$aORPH$bORPH$cKTS1_P$d2020-07-08$eKoopman$i32B26$l0$oBIO HAYD1 a$p20122941$r2021-01-12 00:00:00$w2021-01-12$yBOO$OKoopman
=952  \\$00$10$2ddc$40$6BIO_HAYD1_A$70$8BIO$924971$aORPH$bORPH$cKTS1_P$d2020-07-08$eKoopman$i32B26$l0$oBIO HAYD1 a$p20126361$r2024-12-13 11:47:42$w2021-01-12$yBOO
=999  \\$d9020

