=LDR  00943aam a2200205   4500
=001  9021
=005  20250925143258.0
=008  241213s1939\\\\||||||||\||||\00|\0dger\d
=041  \\$ager
=100  \\$aLarsen, Jens Peter$d1902-1988$4aut$912291
=245  \\$aDie Haydn-Überlieferung
=260  \\$aCopenhagen$bMunksgaard$c1939
=600  \0$aHaydn, Joseph$d1732-1809$1http://www.wikidata.org/entity/Q7349$94783
=648  \0$a19th Century (1801-1900)$1http://www.wikidata.org/entity/Q6955$920935
=648  \0$a20th Century (1901-2000)$1http://www.wikidata.org/entity/Q6927$920936
=650  \0$aLegacy$1http://www.wikidata.org/entity/Q623282$1https://www.wikidata.org/wiki/Q131429505$922131
=650  \0$aComposer$1http://www.wikidata.org/entity/Q36834$93625
=942  \\$cBOO
=952  \\$00$10$2ddc$40$6BIO_HAYD1_E$70$8BIO$99012$aORPH$bORPH$cKTS1_P$d2020-07-08$eKoopman$i32F05$oBIO HAYD1 e$p20123097$r2021-01-12 00:00:00$w2021-01-12$yBOO$OKoopman
=999  \\$d9021

