=LDR  01367aam a2200289   4500
=001  9022
=008  241213s1989\\\\||||||||\||||\00|\0deng\d
=020  \\$a0393306283
=041  \\$aeng$hdan
=100  \\$aLarsen, Jens Peter$d1902-1988$4aut$912291
=245  \\$aHandel's Messiah:$bOrigins, Composition, Sources
=250  \\$a2nd ed.
=260  \\$aNew York, NY$bNorton$c1989
=300  \\$a337 pages
=534  \\$aOriginally published in 1957; English translation first published in 1972
=600  \0$aHandel, George Frideric$d1685-1759$1http://www.wikidata.org/entity/Q7302$94765
=600  \0$aJennens, Charles$d1700-1773$1http://www.wikidata.org/entity/Q1065074$910767
=648  \0$a18th Century (1701-1800)$1http://www.wikidata.org/entity/Q7015$920899
=650  \0$aMessiah$1http://www.wikidata.org/entity/Q207732$939316
=650  \0$aNew Testament$1http://www.wikidata.org/entity/Q18813$924596
=650  \0$aOratorio$1http://www.wikidata.org/entity/Q85477$91825
=650  \0$aMusic history$1http://www.wikidata.org/entity/Q846047$921373
=651  \0$aDublin (Ireland)$1http://www.wikidata.org/entity/Q1761$927101
=700  \\$aMann, Alfred$d1917-2006$4win$915599
=942  \\$cBOO
=952  \\$00$10$2ddc$40$6BIO_HAND_E$70$8BIO$99013$aORPH$bORPH$cKTS1_P$d2020-07-08$eKoopman$i33E73$l0$oBIO HAND e$p20120918$r2021-01-12 00:00:00$w2021-01-12$yBOO$OKoopman
=999  \\$d9022

