=LDR  01351aam a2200277   4500
=001  9023
=005  20251003085457.0
=008  211104b\\\\\\\\||||||||\||||\00|\0\###\d
=041  \\$aeng
=100  \\$aLasocki, David$4aut$919116
=245  \\$aA Listing of Inventories, Sales, and Advertisements relating to Flutes, Recorders, and Flageolets, 1631-1800
=260  \\$aBloomington, IN$bInstant Harmony$c2010
=300  \\$a358 pages
=500  \\$aPhotocopied book
=648  \0$a17th Century (1601-1700)$1http://www.wikidata.org/entity/Q7016$920923
=648  \0$a18th Century (1701-1800)$1http://www.wikidata.org/entity/Q7015$920899
=648  \0$a19th Century (1801-1900)$1http://www.wikidata.org/entity/Q6955$920935
=650  \0$aOrganology$1http://www.wikidata.org/entity/Q899293$921400
=650  \0$aTrade$1http://www.wikidata.org/entity/Q601401$923616
=650  \0$aCatalogue$1http://www.wikidata.org/entity/Q2352616$921484
=650  \0$aFlute$1http://www.wikidata.org/entity/Q11405$921276
=650  \0$aRecorder$1http://www.wikidata.org/entity/Q187851$91903
=650  \0$aFlageolet (Instrument)$1http://www.wikidata.org/entity/Q1001877$923655
=942  \\$cBOO
=952  \\$00$10$2ddc$40$6INS_6_000000000000000_2D_LASO$70$8INS$99014$aORPH$bORPH$cKTS0$d2020-07-08$eKoopman$i44C05$oINS6.2d LASO$p20126666$r2021-01-12 00:00:00$w2021-01-12$yBOO
=999  \\$d9023

