=LDR  00846    a2200205   4500
=001  9024
=008  211221s1972\\\\|||g||||\||||\00|\0\eng\d
=041  \\$aeng
=100  \\$aLasocki, David$4aut$919116
=245  \\$aThe Eighteenth-Century Woodwind Cadenza
=260  \\$c1972$aIowa$bUniversity of Iowa
=300  \\$a252 pages
=336  \\$aprinted
=500  \\$aPhotocopied Master's Thesis. Thesis supervisors: Betty Bang, Himie Voxman
=648  \0$a18th Century (1701-1800)$1http://www.wikidata.org/entity/Q7015$920899
=650  \0$aWoodwind instrument$1http://www.wikidata.org/entity/Q181247$94119
=650  \0$aCadenza$1http://www.wikidata.org/entity/Q14088448$923291
=942  \\$cDIS
=952  \\$00$10$2ddc$40$6INS_6D_LASO$70$8INS$99015$aORPH$bORPH$cKTS0$d2020-07-08$eKoopman$i46G31$oINS6d LASO$p20126978$r2021-01-12 00:00:00$w2021-01-12$yBOO
=999  \\$d9024

