=LDR  00372    a2200121   4500
=001  9027
=020  \\$a9073214254
=100  \\$aLateur, P.$912296
=245  \\$aPerviglium Veneris
=260  \\$c1996
=942  \\$cBOO
=952  \\$00$10$2ddc$40$6LIT_LATE_A$70$8LIT$99018$aORPH$bORPH$cKM12_2_H$d2020-07-08$eKoopman$i21F47$oLIT LATE a$p20125525$r2021-01-12 00:00:00$w2021-01-12$yBOO
=999  \\$c9027$d9027

