=LDR  01301nam a2200277 cb4500
=001  9028
=003  OI
=005  20250120115736.0
=008  100427s1969\\\\\\\\\\\\\||||\00|||\und\d
=040  \\$aOI
=041  \\$adut
=100  1\$aLattanzi, Angela Daneu$4aut
=245  10$aItaliaanse miniaturen van de 10de tot de 16de eeuw
=260  \\$aBrussels$bKoninklijke Bibliotheek Albert I$c1969
=300  \\$aviii-93 pages, 32 plates
=490  0\$aCatalogi van tentoonstellingen gehouden in de Koninklijke Bibliotheek Albert I te Brussel. Reeks A$v38
=590  \\$aCatalogus door Angela Daneu Lattanzi en Marguerite Debae. Inleiding door Mario Salmi. Brussel, Koninklijke Bibliotheek Albert I, 16 september - 19 october 1969
=648  \0$aMiddle Ages (500-1400)$1http://www.wikidata.org/entity/Q12554$920964
=648  \0$aRenaissance (1400-1600)$1http://www.wikidata.org/entity/Q4692$920965
=650  \0$aFine art$1http://www.wikidata.org/entity/Q219625$921579
=651  \0$aItaly$1http://www.wikidata.org/entity/Q38$922
=700  1\$aDebae, Marguerite$4aut
=700  \\$aSalmi, Mario$4win$927367
=942  \\$cBOO
=952  \\$00$10$2ddc$40$6TOP_IT_3_000000000000000$70$8TOP$99019$aORPH$bORPH$cKTS0$d2020-07-08$eKoopman$i21E39$l0$oTOP IT 3$p20125445$r2021-01-12 00:00:00$w2021-01-12$yBOO$OKoopman
=999  \\$d9028

