=LDR  01082    a2200229   4500
=001  9029
=008  211109b\\\\\\\\||||||||\||||\00|\0\###\d
=020  \\$a9783826041167
=041  \\$ager
=100  \\$aLaubhold, Lars E.$4aut$912298
=245  \\$aMagie der Macht.$bEine quellenkritische Studie zu Johann Ernst Alterngurgs Versuch einer Anleitung zur heroisch-musikalischen Trompeter- und Pauker-Kunst
=260  \\$c2009$aWürzburg$bKönigshausen & Naumann 
=300  \\$a301 pages
=336  \\$aprinted
=600  \0$aAltenburg, Johann Ernst$1http://www.wikidata.org/entity/Q530491$922786
=648  \0$a18th Century (1701-1800)$1http://www.wikidata.org/entity/Q7015$920899
=650  \0$aTrumpet$1http://www.wikidata.org/entity/Q8338$92388
=650  \0$aMethod$1http://www.wikidata.org/entity/Q2250960$921402
=650  \0$aMusic history$1http://www.wikidata.org/entity/Q846047$921373
=942  \\$cBOO
=952  \\$00$10$2ddc$40$6INS_7_000000000000000_3D_LAUB$70$8INS$99020$aORPH$bORPH$cKTS0$d2020-07-08$eKoopman$i44F10$oINS7.3d LAUB$p20126829$r2021-01-12 00:00:00$w2021-01-12$yBOO
=999  \\$d9029

