=LDR  01553cam a2200265 a 4500
=001  9031
=008  230307s2000\\\\gw\g||||\||||\00|\0\ger\d
=041  \\$ager
=100  \\$aLaukvik, Jon$4aut$912299
=245  10$aOrgelschule zur historischen Aufführungspraxis.$bGrundzüge des Orgelspiels unter Berücksichtigung zeitgenössischer Quellen
=250  \\$a4th ed.
=260  \\$aStuttgart$bCarus$c2000-2001
=300  \\$a2 vols (324+351)$bill., music $c27 cm
=504  \\$aIncludes bibliographical references and indexes.
=505  1\$aT. 1. Orgel und Orgelspiel im Barock und in der Klassik -- T. 2. Orgel und Orgelspiel in der Romantik von Mendelssohn bis Reger und Widor.
=648  \0$a17th Century (1601-1700)$1http://www.wikidata.org/entity/Q7016$920923
=648  \0$a18th Century (1701-1800)$1http://www.wikidata.org/entity/Q7015$920899
=650  \0$aOrgan$1http://www.wikidata.org/entity/Q1444$92810
=650  \0$aOrgan music$1http://www.wikidata.org/entity/Q2003283$91951
=650  \0$aHistorically informed performance$1http://www.wikidata.org/entity/Q1344860$920980
=650  \0$aMethod$1http://www.wikidata.org/entity/Q2250960$921402
=942  \\$cBOO
=952  \\$00$10$2ddc$3Teil 2-Romantik$40$6INS_3_000000000000000_1C$70$8INS$99021$aORPH$bORPH$cKTS0$d2020-07-08$eKoopman$i28D47$oINS3.1c$p20123561$r2021-01-12 00:00:00$w2021-01-12$yBOO
=952  \\$00$10$2ddc$3Teil 1-Barock und Klassik$40$6INS_3_000000000000000_1C$70$8INS$99022$aORPH$bORPH$cKTS0$d2020-07-08$eKoopman$i28D54$oINS3.1c$p20123555$r2021-01-12 00:00:00$w2021-01-12$yBOO
=999  \\$d9031

