=LDR  01123aam a2200229   4500
=001  9032
=008  220506s1955\\\\dk\fa|||\||||\00|\0\dan\d
=041  \\$adan
=100  \\$aLaumann, Jens$4aut$912300
=245  \\$aCompeniusorgelet i Frederiksborg Slotskirke
=260  \\$aHillerød$bs.n.$c1955
=300  \\$a60 pages
=600  \0$aCompenius, Esaias$bder Ältere$d1560-1617$1http://www.wikidata.org/entity/Q85975$926829
=610  \0$aFrederiksborg Slotskirke (Hillerød, Denmark)$1http://www.wikidata.org/entity/Q11970040$924091
=610  \0$aFredensborg Palace (Sweden)$1http://www.wikidata.org/entity/Q1412797$925644
=648  \0$a17th Century (1601-1700)$1http://www.wikidata.org/entity/Q7016$920923
=650  \0$aOrgan$1http://www.wikidata.org/entity/Q1444$92810
=650  \0$aOrganology$1http://www.wikidata.org/entity/Q899293$921400
=651  \0$aHillerød (Denmark)$1http://www.wikidata.org/entity/Q27425$926830
=942  \\$cBOO
=952  \\$00$10$2ddc$40$6INS_3_000000000000000_1E_DK_FRE$70$8INS$99023$aORPH$bORPH$cKTS0$d2020-07-08$eKoopman$i42G11$oINS3.1e DK.FRE$p20120037$r2021-01-12 00:00:00$w2021-01-12$yBOO
=999  \\$d9032

