=LDR  01059aam a2200229   4500
=001  9034
=005  20251003085457.0
=008  230329s1936\\\\|||\||||\c|||\00|\0\fre\d
=041  \\$afre
=100  \\$aLa Laurencie, Lionel de$d1861-1933$4aut$1http://www.wikidata.org/entity/Q3241967$97116
=245  \\$aCatalogue des livres de musique (manuscrits et imprimés) de la Bibliothèque de l'Arsenal à Paris
=260  \\$c1936$aParis$bDroz
=300  \\$axvii-185 pages
=490  \\$aPublications de la Société française de musicologie, Seconde Série$v7
=610  \0$aBibliothèque nationale de France (Paris)$91301
=650  \0$aLibrary$1http://www.wikidata.org/entity/Q7075$94229
=650  \0$aCatalogue$1http://www.wikidata.org/entity/Q2352616$921484
=651  \0$aParis (France)$1http://www.wikidata.org/entity/Q90$9160
=700  \\$4aut$925965$aGastoué, A.
=942  \\$cBOO
=952  \\$00$10$2ddc$40$6BIB_4_000000000000000_FR_PAR$70$8BIB$99025$aORPH$bORPH$cKTS0$d2020-07-08$eKoopman$i22D05$l0$oBIB4 FR.PAR$p20128470$r2021-01-12 00:00:00$yBOO$OKoopman
=999  \\$d9034

