=LDR  00403    a2200109   4500
=001  9035
=100  \\$aLa Laurencie, Lionel de$d1861-1933$1http://www.wikidata.org/entity/Q3241967$97116
=245  \\$aLully
=260  \\$c1977
=942  \\$cBOO
=952  \\$00$10$2ddc$40$6BIO_LULL_D$70$8BIO$99026$aORPH$bORPH$cKTS1_P$d2020-07-08$eKoopman$i31E48$oBIO LULL d$p20123185$r2021-01-12 00:00:00$w2021-01-12$yBOO$OKoopman
=999  \\$c9035$d9035

