=LDR  01178cam a2200265 a 4500
=001  9036
=005  20251003085457.0
=008  820409s1981\\\\ne\a\\\\\c\\\\001\0bdut\\
=015  \\$aNe80-50
=040  \\$aOI
=041  0\$adut
=100  \\$4edt$aLaurentius, Theo$912304
=245  10$aVerzameling van prentwerk, volgens de uitvinding van den Heer Cornelis Ploos van Amstel, Jacobs Cornelisz.
=260  \\$aZaltbommel$bLaurentius$c1981
=300  \\$a52 pages$billustrations$e1 inserted page
=490  \\$aCatalogus$v18
=600  \0$aPloos van Amstel, Cornelis$d1726-1798$1http://www.wikidata.org/entity/Q2541552$913324
=648  \0$a18th Century (1701-1800)$1http://www.wikidata.org/entity/Q7015$920899
=650  \0$aFine art$1http://www.wikidata.org/entity/Q219625$921579
=650  \0$aPrinting$1http://www.wikidata.org/entity/Q11034$921936
=650  \0$aCatalogue$1http://www.wikidata.org/entity/Q2352616$921484
=651  \0$aNetherlands$1http://www.wikidata.org/entity/Q55$9173
=942  \\$cBOO
=952  \\$00$10$2ddc$40$6BIO_PLOO_C$70$8BIO$99027$aORPH$bORPH$cKTS1_P$d2020-07-08$eKoopman$i43C33$l0$oBIO PLOO c$p20127174$r2021-01-12 00:00:00$w2021-01-12$yBOO$OKoopman
=999  \\$d9036

