=LDR  00368    a2200109   4500
=001  9037
=100  \\$aLaurentius, Theo$912304
=245  \\$aPrenten uit een vergeten eeuw
=260  \\$c1982
=942  \\$cBOO
=952  \\$00$10$2ddc$40$6VIS_LAUR$70$8VIS$99028$aORPH$bORPH$cKTS1_H$d2020-07-08$eKoopman$i43C43$l0$oVIS LAUR$p20127164$r2021-01-12 00:00:00$w2021-01-12$yBOO$OKoopman
=999  \\$c9037$d9037

