=LDR  00895nam a2200217 p 4500
=001  9038
=005  20250120120041.0
=008  810129s1980\\\\ne\a\\\\\b\\\\001\0\dut\\
=015  \\$aNe80-37
=020  \\$a9060875036 :$cfl 20.50
=040  \\$aOI
=100  \\$aLaurentius, Theo$912304
=245  10$aOude prenten :$been handleiding voor verzamelaars : techniek, geschiedenis, etsen, gravures, houtsneden, papier, vals en echt, kwaliteitsbeoordeling /$cTh. Laurentius.
=260  \\$aLochem :$bTijdstroom,$c1980.
=300  \\$a115 p. :$bwith ill. ;$c24 cm.
=490  0\$aTijdstroom antiekwijzers
=504  \\$aBibliography: p. 108-109.
=650  \0$aFine art$1http://www.wikidata.org/entity/Q219625$921579
=942  \\$cBOO
=952  \\$00$10$2ddc$40$6VIS_LAUR$70$8VIS$99029$aORPH$bORPH$cKTS1_H$d2020-07-08$eKoopman$i25A35$l0$oVIS LAUR$p20129175$r2021-01-12 00:00:00$w2021-01-12$yBOO$OKoopman
=999  \\$c9038$d9038

