=LDR  01057aam a2200229   4500
=001  9039
=008  231208s1996\\\\||||||||\||||\00|\0\eng\d
=020  \\$a9076140014
=041  \\$aeng
=100  \\$aLaurentius, Theo$4aut$912304
=245  \\$aEtchings by Rembrandt, Reflections of the Golden Age:$bAn Investigation into the Paper Used by Rembrandt
=260  \\$aAmsterdam$bvan Rossem$c1996
=490  \\$aMaecenas Collection
=561  \\$aGift to Ton Koopman from Strasbourg, 2004, with signatures
=600  \0$aRembrandt$d1606-1669$1http://www.wikidata.org/entity/Q5598$914481
=648  \0$a17th Century (1601-1700)$1http://www.wikidata.org/entity/Q7016$920923
=650  \0$aFine art$1http://www.wikidata.org/entity/Q219625$921579
=650  \0$aPaper$1http://www.wikidata.org/entity/Q11472$924702
=651  \0$aNetherlands$1http://www.wikidata.org/entity/Q55$9173
=942  \\$cBOO
=952  \\$00$10$2ddc$40$6BIO_REMB_A$70$8BIO$99030$aORPH$bORPH$cKTS1_P$d2020-07-08$eKoopman$i32B37$l0$oBIO REMB a$p20122929$r2021-01-12 00:00:00$w2021-01-12$yBOO$OKoopman
=999  \\$d9039

