=LDR  01052    a2200229   4500
=001  9040
=008  220111s1951\\\\\\\f||||\||||\00|\0\dut\d
=041  \\$adut
=100  \\$aLaver, James$4edt$912309
=245  \\$aHet costuum: $been geschiedenis van de mode$nDeel III$pVan de Tudors tot Lodewijk XIII
=260  \\$aAmsterdam$aAntwerp$bvan Ditmar$c1951
=300  \\$a376 pages
=648  \0$a16th Century (1501-1600)$1http://www.wikidata.org/entity/Q7017$920944
=648  \0$a17th Century (1601-1700)$1http://www.wikidata.org/entity/Q7016$920923
=650  \0$aFashion$1http://www.wikidata.org/entity/Q12684$922591
=651  \0$aUnited Kingdom$1http://www.wikidata.org/entity/Q21$9273
=651  \0$aFrance$1http://www.wikidata.org/entity/Q142$9131
=651  \0$aSpain$1http://www.wikidata.org/entity/Q29$920983
=651  \0$aNetherlands$1http://www.wikidata.org/entity/Q55$9173
=942  \\$cBOO
=952  \\$00$10$2ddc$40$6HUM_LAVE$70$8HUM$99031$aORPH$bORPH$cKM12_1$d2020-07-08$eKoopman$i28C11$oHUM LAVE$p20121429$r2021-01-12 00:00:00$w2021-01-12$yBOO
=999  \\$d9040

