=LDR  01224cam a2200301 i 4500
=001  9041
=005  20250109133336.0
=008  760630s1975\\\\nyucf\\\\b\\\\001\0\eng\\
=020  \\$a0814749623
=040  \\$aOI
=041  0\$aengita
=110  2\$aBiblioteca apostolica vaticana.
=245  10$aSeventeenth-century Barberini documents and inventories of art /$cMarilyn Aronberg Lavin.
=260  \\$aNew York :$bNew York University Press,$cc1975.
=300  \\$axv, 741 p., [4] leaves of plates :$bports. ;$c32 cm.
=500  \\$aOn spine: Barberini inventories.
=504  \\$aBibliography: p. 735-736.
=500  \\$aIncludes indexes.
=650  \0$aArt$xHistory$xSources$xBibliography.
=650  \0$aCivilization, Modern$y17th century$xSources.
=600  30$aBarberini family$xArchives.
=700  1\$aLavin, Marilyn Aronberg.
=740  \\$aBarberini inventories.
=952  \\$00$10$2ddc$40$6VIS_LAVI$70$8VIS$99032$aORPH$bORPH$cKTS1_H$d2020-07-08$eKoopman$i46B02$l0$oVIS LAVI$p20127626$r2021-01-12 00:00:00$w2021-01-12$yBOO$OKoopman
=999  \\$c9041$d9041
=648  \0$a17th Century (1601-1700)$1http://www.wikidata.org/entity/Q7016$920923
=650  \0$aMusic history$1http://www.wikidata.org/entity/Q846047$921373
=942  \\$cBOO

