=LDR  00361    a2200109   4500
=001  9044
=100  \\$aLayer, A.$912313
=245  \\$aEine Jugend in Augsburg
=260  \\$cs.d.
=942  \\$cBOO
=952  \\$00$10$2ddc$40$6BIO_MOZA2_E$70$8BIO$99035$aORPH$bORPH$cKTS1_P$d2020-07-08$eKoopman$i32G22$l0$oBIO MOZA2 e$p20122803$r2021-01-12 00:00:00$w2021-01-12$yBOO$OKoopman
=999  \\$c9044$d9044

