=LDR  01259    a2200289   4500
=001  9045
=005  20250925143258.0
=008  211105s2003\\\\it\fa|||\||||\00|\0\ita\d
=041  \\$aita
=100  \\$aLazzari, Gianni$4aut$912314
=245  \\$aIl Flauto Traverso:$bStoria, tecnica, acustica
=260  \\$c2003$aTorino$bEDT
=300  \\$a504 pages
=336  \\$aprinted
=490  \\$aI manuali EDT/SIdM
=648  \0$aPast$1http://www.wikidata.org/entity/Q192630$922196
=648  \0$a18th Century (1701-1800)$1http://www.wikidata.org/entity/Q7015$920899
=648  \0$a19th Century (1801-1900)$1http://www.wikidata.org/entity/Q6955$920935
=648  \0$a20th Century (1901-2000)$1http://www.wikidata.org/entity/Q6927$920936
=648  \0$a21st Century (2001-2100)$1http://www.wikidata.org/entity/Q6939$920812
=650  \0$aMusic history$1http://www.wikidata.org/entity/Q846047$921373
=650  \0$aFlute$1http://www.wikidata.org/entity/Q11405$921276
=650  \0$aOrganology$1http://www.wikidata.org/entity/Q899293$921400
=700  \\$aGalante, Emilio$4ctb$926730
=942  \\$cBOO
=952  \\$00$10$2ddc$40$6INS_6_000000000000000_2A$70$8INS$99036$aORPH$bORPH$cKTS0$d2020-07-08$eKoopman$i33D13$oINS6.2a$p20122736$r2021-01-12 00:00:00$w2021-01-12$yBOO
=999  \\$d9045

