=LDR  01315cam a2200289 a 4500
=001  9047
=005  20250926134855.0
=008  850319s1985\\\\mouafh\\\b\\\\000\0\eng\\
=020  \\$a0570013291 :$c$40.00
=040  \\$aOI
=041  0\$aeng
=100  \\$4edt$aLeaver, Robin A.$99925
=245  00$aJ. S. Bach and Scripture:$bGlosses from the Calov Bible Commentary
=260  \\$aSt. Louis, MO$bConcordia$c1985
=300  \\$a191 pages$billustrations, plates, facsimiles$c29 cm
=504  \\$aBibliography: p. 189-191.
=590  \\$aintroduction, annotations, and editing by Robin A. Leaver.
=600  \0$aBach, Johann Sebastian$d1685-1750$1http://www.wikidata.org/entity/Q1339$94766
=600  \0$aCalov, Abraham$d1612-1686$1http://www.wikidata.org/entity/Q63428$912315
=648  \0$a17th Century (1601-1700)$1http://www.wikidata.org/entity/Q7016$920923
=648  \0$a18th Century (1701-1800)$1http://www.wikidata.org/entity/Q7015$920899
=650  \0$aBible$1http://www.wikidata.org/entity/Q1845$921581
=650  \0$aLute$1http://www.wikidata.org/entity/Q180733$93944
=651  \0$aGermany$1http://www.wikidata.org/entity/Q183$9155
=942  \\$cBOO
=952  \\$00$10$2ddc$40$6BIO_BACH1_E$70$99038$aORPH$bORPH$cKTS1_P$d2020-07-08$eKoopman$i36F23$oBIO BACH1 e$p20120650$r2021-01-12 00:00:00$w2021-01-12$yBOO
=999  \\$d9047

