=LDR  01322cam a2200289 a 4500
=001  9048
=005  20250926134855.0
=008  840517s1983\\\\gw\ach\\\b\\\\001\0dmul\\
=020  \\$a3775108416
=040  \\$aOI
=041  0\$ager$aeng
=100  \\$aLeaver, Robin A.$4aut$99925
=245  10$aBachs theologische Bibliothek :$beine kritische Bibliographie = Bach's Theological Library : A Critical Bibliography
=260  \\$aNeuhausen-Stuttgart$bHänssler$c1983
=300  \\$axiv-194 pages$billustrations, portraits, facsimiles$c25 cm
=490  \\$aBeiträge zur theologischen Bachforschung$v1
=504  \\$aBibliography: p. viii-xi.
=600  \0$aBach, Johann Sebastian$d1685-1750$1http://www.wikidata.org/entity/Q1339$94766
=648  \0$a18th Century (1701-1800)$1http://www.wikidata.org/entity/Q7015$920899
=650  \0$aComposer$1http://www.wikidata.org/entity/Q36834$93625
=650  \0$aLibrary$1http://www.wikidata.org/entity/Q7075$94229
=650  \0$aTheology$1http://www.wikidata.org/entity/Q34178$93009
=650  \0$aBibliography$1http://www.wikidata.org/entity/Q134995$93965
=700  \\$aTrautmann, Christoph$4ctb$912316
=942  \\$cBOO
=952  \\$00$10$2ddc$40$6BIO_BACH1_B$70$8BIO$99039$aORPH$bORPH$cKTS1_P$d2020-07-08$eKoopman$i43A04$oBIO BACH1 b$p20127276$r2021-01-12 00:00:00$w2021-01-12$yBOO
=999  \\$d9048

