=LDR  00765    a2200193   4500
=001  9050
=008  211122s1992\\\\\\\|||||\||||\00|\0\dut\d
=020  \\$a9789025724375
=041  \\$adut
=100  \\$aLebrecht, Norman$4aut$912317
=245  \\$aDe mythe van de maëstro:$bdirigenten en macht
=260  \\$aHaarlem$bBecht$c1992
=300  \\$a472 pages
=600  \0$aKoopman, Ton$d1944-$1http://www.wikidata.org/entity/Q445121$910491
=650  \0$aConducting$1http://www.wikidata.org/entity/Q6989196$92392
=650  \0$aConductor$1http://www.wikidata.org/entity/Q158852$93134
=942  \\$cBOO
=952  \\$00$10$2ddc$40$6MTP_2_000000000000000_LEBR$70$8MTP$99041$aORPH$bORPH$cKM12_1$d2020-07-08$eKoopman$i38D14$oMTP2 LEBR$p20122395$r2021-01-12 00:00:00$w2021-01-12$yBOO
=999  \\$d9050

