=LDR  01198cam a2200253 a 4500
=001  9051
=008  870629s1987\\\\inugf\\\\b\\\s001\0\eng\d
=041  \\$aeng
=100  \\$aLedbetter, David$4aut$912318
=245  10$aHarpsichord and Lute Music in 17th-Century France
=260  \\$aBloomington, IN$bIndiana University Press$c1987
=300  \\$axvi-194 pages, [2] pages of plates
=490  1\$aMusic--scholarship and performance series
=504  \\$aBibliography: p. 162-173.
=648  \0$a17th Century (1601-1700)$1http://www.wikidata.org/entity/Q7016$920923
=650  \0$aInstrumental music$1http://www.wikidata.org/entity/Q639197$92106
=650  \0$aLute$1http://www.wikidata.org/entity/Q180733$93944
=650  \0$aMusic history$1http://www.wikidata.org/entity/Q846047$921373
=650  \0$aKeyboard music$1http://www.wikidata.org/entity/Q105715630$921412
=650  \0$aHarpsichord$1http://www.wikidata.org/entity/Q81982$92125
=651  \0$aFrance$1http://www.wikidata.org/entity/Q142$9131
=942  \\$cBOO
=952  \\$00$10$2ddc$40$6TOP_FR_5_000000000000000$70$8TOP$99042$aORPH$bORPH$cKTS0$d2020-07-08$eKoopman$i20B53$l0$oTOP FR 5$p20127946$r2021-01-12 00:00:00$w2021-01-12$yBOO$OKoopman
=999  \\$d9051

