=LDR  01403aam a2200289   4500
=001  9052
=005  20250925143258.0
=008  250904s1986\\\\||||||||\||||\00|\0\dut\d
=041  \\$adut
=245  \\$aBegijnenkerk:$bWaalse Kerk Haarlem 1586-1986
=260  \\$aHaarlem$bImprocep$c1986
=610  \0$aWaalse Kerk (Haarlem, Netherlands)$1http://www.wikidata.org/entity/Q7958574$941125
=648  \0$a16th Century (1501-1600)$1http://www.wikidata.org/entity/Q7017$920944
=648  \0$a17th Century (1601-1700)$1http://www.wikidata.org/entity/Q7016$920923
=648  \0$a18th Century (1701-1800)$1http://www.wikidata.org/entity/Q7015$920899
=648  \0$a19th Century (1801-1900)$1http://www.wikidata.org/entity/Q6955$920935
=648  \0$a20th Century (1901-2000)$1http://www.wikidata.org/entity/Q6927$920936
=650  \0$aChurch$1http://www.wikidata.org/entity/Q16970$93776
=650  \0$aArchitecture$1http://www.wikidata.org/entity/Q12271$93185
=651  \0$aHaarlem (Netherlands)$1http://www.wikidata.org/entity/$921584
=700  \\$aLedeboer, L. van$4aut$912319
=700  \\$aRozemond, C.$4aut$941122
=700  \\$aRosenhart, K.$4aut$941123
=700  \\$aJong, A. H. M. de$4aut$941124
=942  \\$cBOO
=952  \\$00$10$2ddc$40$6TOP_NL_HAA_4_000000000000000$70$8TOP$99043$aORPH$bORPH$cKTS0$d2020-07-08$eKoopman$i21F39$l0$oTOP NL.HAA 4$p20125536$r2021-01-12 00:00:00$w2021-01-12$yBOO$OKoopman
=999  \\$d9052

