=LDR  01150cam a2200265 i 4500
=001  9053
=005  20250120120156.0
=008  791023s1978\\\\gw\ag\\\\b\\\\000\0bger\\
=015  \\$aGFR79-A7
=020  \\$a3764921846 :$cDM80.00
=040  \\$aOI
=100  \\$aLederer, Franz,$d-1936$912320
=245  00$aEvermod Groll, (1755-1810) :$bLeben u. Werke e. süddt. Klosterkomponisten /$cvon Franz Lederer.
=260  \\$aRegensburg :$bG. Bosse,$c1978.
=300  \\$axxxix, 577 p. :$btabs., music ;$c21 cm.
=504  \\$aBibliography: p. x-xxviii.
=600  \0$aGroll, Evermod,$d1755-1810.$912321
=650  \0$aComposer$1http://www.wikidata.org/entity/Q36834$93625
=600  \0$aGroll, Evermod$d1755-1810$1http://www.wikidata.org/entity/Q55675587$912322
=942  \\$cBOO
=952  \\$00$10$2ddc$40$6BIO_GROL_D$70$8BIO$99044$aORPH$bORPH$cKTS1_P$d2020-07-08$eKoopman$i25C19$oBIO GROL d$p20129237$r2021-01-12 00:00:00$w2021-01-12$yBOO$OKoopman
=999  \\$c9053$d9053
=490  \\$aRegensburger Beiträge zur Musikwissenschaft ;$vBd. 5
=651  \0$aGermany$1http://www.wikidata.org/entity/Q183$9155
=650  \0$aBiography$1http://www.wikidata.org/entity/Q36279$91927

