=LDR  01103aam a2200229   4500
=001  9054
=005  20251003085457.0
=008  250225s1971\\\\||||||||\c|||\00|\0\eng\d
=041  \\$aeng
=100  \\$aLee, D. A.$912323$4aut
=245  \\$aThe Works of Christoph Nichelmann:$bA Thematic Index
=260  \\$aDetroit, MI$bInformation Coordinators Inc.$c1971
=490  \\$aDetroit Studies in Music Bibliography$v19
=600  \0$aNichelmann, Christoph$d1717-1762$1http://www.wikidata.org/entity/Q87989$96524
=648  \0$a18th Century (1701-1800)$1http://www.wikidata.org/entity/Q7015$920899
=650  \0$aComposer$1http://www.wikidata.org/entity/Q36834$93625
=650  \0$aHarpsichord$1http://www.wikidata.org/entity/Q81982$92125
=650  \0$aCatalogue$1http://www.wikidata.org/entity/Q2352616$1http://www.wikidata.org/entity/Q6941730$921484
=651  \0$aBerlin (Germany)$1http://www.wikidata.org/entity/Q64$948
=942  \\$cBOO
=952  \\$00$10$2ddc$40$6BIO_NICH_C$70$8BIO$99045$aORPH$bORPH$cKTS1_P$d2020-07-08$eKoopman$i45B03$l0$oBIO NICH c$p20127410$r2021-01-12 00:00:00$w2021-01-12$yBOO$OKoopman
=999  \\$d9054

