=LDR  01073aam a2200229   4500
=001  9055
=008  240109s2003\\\\|||a||||\||||\00|\0\dut\d
=020  \\$a9789040087936
=041  \\$adut
=100  \\$aGoltzius, Hendrik$d1558-1617$1http://www.wikidata.org/entity/Q165367$4aut$926943
=245  \\$aHendrick Goltzius (1558-1617):$bTekeningen, Prenten en Schilderijen
=260  \\$aZwolle$bWaanders$c2003
=648  \0$a16th Century (1501-1600)$1http://www.wikidata.org/entity/Q7017$920944
=648  \0$a17th Century (1601-1700)$1http://www.wikidata.org/entity/Q7016$920923
=650  \0$aFine art$1http://www.wikidata.org/entity/Q219625$921579
=650  \0$aPublishing$1http://www.wikidata.org/entity/Q3972943$93049
=651  \0$aGermany$1http://www.wikidata.org/entity/Q183$9155
=651  \0$aNetherlands$1http://www.wikidata.org/entity/Q55$9173
=700  \\$aLeeflang, H.$4aut$912324
=942  \\$cBOO
=952  \\$00$10$2ddc$40$6BIO_GOLT_A$70$8BIO$99046$aORPH$bORPH$cKTS1_P$d2020-07-08$eKoopman$i31B09$oBIO GOLT a$p20121124$r2021-01-12 00:00:00$w2021-01-12$yBOO$OKoopman
=999  \\$d9055

