=LDR  01026cam a2200253 a 4500
=001  9056
=005  20250120120141.0
=008  850912s1984\\\\ne\a\\\\\b\\\\001\0\dut\\
=020  \\$a9060880889 :$cfl 45.00
=040  \\$aOI
=041  \\$adut
=100  \\$aLeeman, F. W. G.$912325$4aut
=245  10$aAlciatus' Emblemata:$bdenkbeelden en voorbeelden
=260  \\$aGroningen$bBouma's Boekhuis$c1984
=300  \\$avii-141 pages$billustrations$c25 cm
=502  \\$aThesis--Rijksuniversiteit te Groningen.
=504  \\$aBibliography: p. 127-135.
=600  \0$aAlciato, Andrea$d1492-1550$912326
=648  \0$a16th Century (1501-1600)$1http://www.wikidata.org/entity/Q7017$920944
=650  \0$aEmblem$1http://www.wikidata.org/entity/Q112110$93250
=651  \0$aAugsburg (Germany)$1http://www.wikidata.org/entity/Q2749$921699
=942  \\$cBOO
=952  \\$00$10$2ddc$40$6BIO_ALCI_E$70$8BIO$99047$aORPH$bORPH$cKTS1_P$d2020-07-08$eKoopman$i45A08$l1$oBIO ALCI e$p20127441$r2024-04-23 00:00:00$s2023-11-16$w2021-01-12$yBOO$OKoopman
=999  \\$d9056

