=LDR  00786aam a2200193   4500
=001  9060
=008  230308s1931\\\\||||||||\b|||\00|\0\dut\d
=041  \\$adut
=100  \\$aLeendertz, P.$912328$4aut
=245  \\$aBibliographie der werken van P.C. Hooft
=260  \\$c1931$bNijhoff
=300  \\$a88 pages
=600  \0$aHooft, P. C.$d1581-1647$1http://www.wikidata.org/entity/Q10914484$95139
=650  \0$aBibliography$1http://www.wikidata.org/entity/Q134995$93965
=650  \0$aLiterature$1http://www.wikidata.org/entity/Q8242$94439
=650  \0$aPlay (theater)$1http://www.wikidata.org/entity/Q25379$921414
=942  \\$cBOO
=952  \\$00$10$2ddc$40$6BIO_HOOF_C$70$8BIO$99051$aORPH$bORPH$cKTS1_P$d2020-07-08$eKoopman$oBIO HOOF c$p20121990$r2021-01-12 00:00:00$w2021-01-12$yBOO$OKoopman
=999  \\$d9060

