=LDR  00378    a2200109   4500
=001  9061
=100  \\$aLeeuw, Gerardus van der$d1890-1950$912329
=245  \\$aBach's Matthaeuspassion
=260  \\$c1941
=942  \\$cBOO
=952  \\$00$10$40$6BIO_BACH1_E$70$8BIO$99052$aORPH$bORPH$cKTS1_P$d2020-07-08$eKoopman$i31D20$oBIO BACH1 e$p20121066$r2021-01-12 00:00:00$w2021-01-12$yBOO$OKoopman
=999  \\$c9061$d9061

