=LDR  00377    a2200109   4500
=001  9063
=100  \\$aLeeuw, Gerardus van der$d1890-1950$912329
=245  \\$aBachs Johannes Passion
=260  \\$c1946
=942  \\$cBOO
=952  \\$00$10$40$6BIO_BACH1_E$70$8BIO$99054$aORPH$bORPH$cKTS1_P$d2020-07-08$eKoopman$i47D08$oBIO BACH1 e$p20123705$r2021-01-12 00:00:00$w2021-01-12$yBOO$OKoopman
=999  \\$c9063$d9063

