=LDR  00357    a2200109   4500
=001  9064
=100  \\$aLeeuw, R. A.$912330
=245  \\$aChina - Delft - Europa
=260  \\$c1976
=942  \\$cBOO
=952  \\$00$10$2ddc$40$6VIS_LEEU$70$8VIS$99055$aORPH$bORPH$cKTS1_H$d2020-07-08$eKoopman$i43G26$l0$oVIS LEEU$p20126780$r2021-01-12 00:00:00$w2021-01-12$yBOO$OKoopman
=999  \\$c9064$d9064

