=LDR  01489cam a2200313 a 4500
=001  9065
=005  20250925143258.0
=008  851121s1985\\\\ne\ag\\\\b\\\\000\0\dut\\
=020  \\$a9029095156
=040  \\$aOI
=041  \\$adut
=245  00$aMusici over muziek:$bhonderd jaar muziekvakonderwijs in Amsterdam
=260  \\$aAmsterdam$bMeulenhoff$c1985
=300  \\$a277-[1] pages$billustrations, music$c20 cm
=504  \\$aBibliography: p. 277-[278].
=610  \0$aConservatorium van Amsterdam (Netherlands)$1http://www.wikidata.org/entity/Q1127380$91438
=648  \0$a19th Century (1801-1900)$1http://www.wikidata.org/entity/Q6955$920935
=648  \0$a20th Century (1901-2000)$1http://www.wikidata.org/entity/Q6927$920936
=650  \0$aMusic education$1http://www.wikidata.org/entity/Q27908$921766
=650  \0$aMusic history$1http://www.wikidata.org/entity/Q846047$921373
=650  \0$aConservatory$1http://www.wikidata.org/entity/Q184644$926197
=651  \0$aAmsterdam (Netherlands)$1http://www.wikidata.org/entity/Q727$9135
=700  \\$aHuizing, Jan Marisse$918474$4edt
=700  \\$aSmulders, Neeltje$912332$4edt
=700  \\$aStuifbergen, Lourens$d-1946$912333$4edt
=700  \\$aLeeuw, Ton de$d1926-1996$1http://www.wikidata.org/entity/Q923335$912334$4edt
=942  \\$cBOO
=952  \\$00$10$2ddc$40$6TOP_NL_AMS_6_000000000000000$70$8TOP$99056$aORPH$bORPH$cKTS0$d2020-07-08$eKoopman$i23G48$l0$oTOP NL.AMS 6$p20125729$r2021-01-12 00:00:00$w2021-01-12$yBOO$OKoopman
=999  \\$d9065

