=LDR  00952aam a2200193   4500
=001  9066
=008  230928s1947\\\\||||||||\||||\00|\0\dut\d
=041  \\$adut
=100  \\$aLeeuwen Boomkamp, Carel van$d1906-2000$4aut$912335
=245  \\$aDe klanksfeer der oude muziek,$bin het bijzonder der 18de eeuwsche muziek voor strijkinstrumenten
=260  \\$aAmsterdam$bHet Hollandsche Uitgevershuis$c1947
=300  \\$a128 pages
=648  \0$1http://www.wikidata.org/entity/Q7015$a18th Century (1701-1800)$920899
=650  \0$1http://www.wikidata.org/entity/Q436016$aEarly music$93160
=650  \0$1http://www.wikidata.org/entity/Q1344860$aHistorically informed performance$920980
=650  \0$1http://www.wikidata.org/entity/Q192096$aBowed string instrument$92398
=942  \\$cBOO
=952  \\$00$10$2ddc$40$6MTP_2_000000000000000_LEEU$70$8MTP$99057$aORPH$bORPH$cKM12_1$d2020-07-08$eKoopman$i19C16$l0$oMTP2 LEEU$p20127914$r2021-01-12 00:00:00$w2021-01-12$yBOO
=999  \\$d9066

