=LDR  01165cam a22002774a 4500
=001  9067
=005  20250120120131.0
=008  010614s2001\\\\ne\a\\\\\b\\\\001\0ddut\\
=020  \\$a9058750094
=040  \\$aOI
=041  \\$adut
=100  \\$aLeeuwen, Charles van$d1962-$4aut$912336
=245  10$aHemelse voorbeelden:$bde heiligenliederen van Joannes Stalpart van der Wiele, 1579-1630
=260  \\$aNijmegen$bSUN$c2001
=300  \\$a389 p. :$bill. ;$c25 cm.
=490  1\$aMemoria
=504  \\$aIncludes bibliographical references (p. 341-364) and index.
=600  \0$aStalpart van der Wiele, Jan Baptist$d1579-1630$912338
=648  \0$a17th Century (1601-1700)$1http://www.wikidata.org/entity/Q7016$920923
=650  \0$aReligion$1http://www.wikidata.org/entity/Q9174$93062
=650  \0$aHymn$1http://www.wikidata.org/entity/Q484692$921333
=651  \0$aNetherlands$1http://www.wikidata.org/entity/Q55$9173
=830  \0$9535$aMemoria (Nijmegen, Netherlands)
=942  \\$cBOO
=952  \\$00$10$2ddc$40$6BIO_STAL_E$70$8BIO$99058$aORPH$bORPH$cKTS1_P$d2020-07-08$eKoopman$i38F36$l0$oBIO STAL e$p20122345$r2021-01-12 00:00:00$w2021-01-12$yBOO$OKoopman
=999  \\$c9067$d9067

