=LDR  00889aam a2200205   4500
=001  9068
=005  20251003085457.0
=008  230217s1973\\\\|||a||||\c|||\00|\0\\\\\d
=041  \\$adut
=245  \\$aBeeldhouwkunst in het Rijksmuseum:$bcatalogus
=260  \\$aThe Hague$bStaatsuitgeverij$c1973
=610  \0$aRijksmuseum (Amsterdam, Netherlands)$1http://www.wikidata.org/entity/Q190804$91244
=650  \0$aFine art$1http://www.wikidata.org/entity/Q219625$921579
=650  \0$aCatalogue$1http://www.wikidata.org/entity/Q2352616$921484
=651  \0$aAmsterdam (Netherlands)$1http://www.wikidata.org/entity/Q727$9135
=700  \\$4aut$aLeeuwenberg, J.$912339
=700  \\$4aut$aHalsema-Kubes, Willy$912053
=942  \\$cBOO
=952  \\$00$10$2ddc$40$6VIS_LEEU$70$8VIS$99059$aORPH$bORPH$cKTS1_H$d2020-07-08$eKoopman$i23C13$l0$oVIS LEEU$p20128578$r2021-01-12 00:00:00$w2021-01-12$yBOO$OKoopman
=999  \\$d9068

