=LDR  01301cam a2200277 i 4500
=001  9069
=005  20250120120528.0
=008  120614s2013\\\\ne\af\\\\b\\\\001\0bdut\\
=020  \\$a9789460041143
=040  \\$aOI
=041  \\$adut
=100  \\$aLeeuwenburgh, Bart$d1960-$4aut$912340
=245  14$aHet noodlot van een ketter:$bAdriaan Koerbagh, 1633-1669
=260  \\$aNijmegen$bVantilt$c2013
=300  \\$a262 pages, xvi pages of plates$billustrations (some color)$c22 cm
=504  \\$aIncludes bibliographical references (pages 249-256) and index.
=600  \0$aKoerbagh, Adriaen$dc. 1632-1669$1http://www.wikidata.org/entity/Q366862$912341
=600  \0$aSpinoza, Benedictus de$d1632-1677$1http://www.wikidata.org/entity/Q35802$923023
=648  \0$a17th Century (1601-1700)$1http://www.wikidata.org/entity/Q7016$920923
=650  \0$aPhilosophy$1http://www.wikidata.org/entity/Q5891$92357
=650  \0$aEnlightenment$1http://www.wikidata.org/entity/Q12539$94532
=650  \0$aBiography$1http://www.wikidata.org/entity/Q36279$91927
=651  \0$aNetherlands$1http://www.wikidata.org/entity/Q55$9173
=942  \\$cBOO
=952  \\$00$10$2ddc$40$6BIO_KOER_D$70$8BIO$99060$aORPH$bORPH$cKTS1_P$d2020-07-08$eKoopman$i45D37$l0$oBIO KOER d$p20127292$r2021-01-12 00:00:00$w2021-01-12$yBOO$OKoopman
=999  \\$d9069

