=LDR  01017aam a2200229   4500
=001  9070
=008  211119s2010\\\\\\\afo||\b|||\00|\0\fre\d
=020  \\$a9782737350771
=041  \\$afre
=100  \\$aLefébure, Christophe$4aut$4pht$912344
=245  \\$aÉglises peintes.$bPeintures murales du Moyen Âge
=260  \\$aRennes$bÉditions Ouest-France$c2010
=300  \\$a141 pages 
=648  \0$aMiddle Ages (500-1400)$1http://www.wikidata.org/entity/Q12554$920964
=648  \0$a15th Century (1401-1500)$1http://www.wikidata.org/entity/Q7018$921015
=650  \0$aFine art$1http://www.wikidata.org/entity/Q219625$921579
=650  \0$aInterior design$1http://www.wikidata.org/entity/Q179232$921367
=650  \0$aChurch$1http://www.wikidata.org/entity/Q16970$93776
=651  \0$aFrance$1http://www.wikidata.org/entity/Q142$9131
=942  \\$cBOO
=952  \\$00$10$2ddc$40$6TOP_FR_3_000000000000000$70$8TOP$99061$aORPH$bORPH$cKTS0$d2020-07-08$eKoopman$i47B14$oTOP FR 3$p20121499$r2021-01-12 00:00:00$w2021-01-12$yBOO
=999  \\$d9070

