=LDR  01936aam a2200337   4500
=001  9072
=005  20251008125038.0
=008  250210s1970\\\\|||gac||\b|||\001\0\mul\d
=041  \\$afre$deng
=100  \\$aLefkowitz, Murray$d1924-2022$912345$4edt$4aut
=245  \\$aTrois Masques à la cour de Charles Ier d'Angleterre :$bThe Triumph of Peace, The Triumphs of the Prince d'Amour, Britannia Triumphans
=260  \\$aParis$bCNRS$c1970
=300  \\$a355-[1] pages
=490  \\$aCollection Le Chœur des Muses
=590  \\$aLivrets de John Shirley et William Davenant, dessins d' Inigo Jones, musique de William Lawes
=600  \0$aCharles I$cKing of England, Scotland and Ireland$d1600-1649$1http://www.wikidata.org/entity/Q81506$98279
=648  \0$a17th Century (1601-1700)$1http://www.wikidata.org/entity/Q7016$920923
=650  \0$aMasque$1http://www.wikidata.org/entity/Q2207959$923174
=650  \0$aCourt$1http://www.wikidata.org/entity/Q1134237$922191
=650  \0$aVocal music$1http://www.wikidata.org/entity/Q685884$93319
=650  \0$aInstrumental music$1http://www.wikidata.org/entity/Q639197$92106
=650  \0$aMusic theater$1http://www.wikidata.org/entity/Q96394452$92065
=650  \0$aStaging$1http://www.wikidata.org/entity/Q3508687$922118
=651  \0$aLondon (United Kingdom)$1http://www.wikidata.org/entity/Q84$9123
=700  \\$aShirley, James$d1596-1666$1http://www.wikidata.org/entity/Q1349914$4aut$939672
=700  1\$aD'Avenant, William$d1606-1668$cSir$1http://www.wikidata.org/entity/Q450199$4aut$926691
=700  1\$aJones, Inigo$d1573-1652$1http://www.wikidata.org/entity/Q295929$4std$939673
=700  \\$aLawes, William$d1602-1645$1http://www.wikidata.org/entity/Q540025$4cmp$912310
=942  \\$cBOO
=952  \\$00$10$2ddc$40$6TOP_GB_LON_5_000000000000000$70$8TOP$99063$aORPH$bORPH$cKTS0$d2020-07-08$eKoopman$i47G04$l0$oTOP GB.LON 5$p20121514$r2021-01-12 00:00:00$w2021-01-12$yBOO$OKoopman
=999  \\$d9072

