=LDR  00823    a2200217   4500
=001  9073
=008  211208s1957\\\\||||||||\||||\00|\0\dut\d
=041  \\$adut$hfre
=100  \\$aLefranc, Abel$4aut$912346
=245  \\$aHet dagelijks leven in de renaissance
=260  \\$aUtrecht$aAntwerpen$bSpectrum$c1957
=300  \\$a191 pages
=490  \\$aPrisma boeken$v306
=534  \\$cParis: Hachette, 1938
=648  \0$aRenaissance (1400-1600)$1http://www.wikidata.org/entity/Q4692$920965
=650  \0$aCuckoo$1http://www.wikidata.org/entity/Q18845$922474
=700  \\$4trl$aAlberts, A.$923240
=765  \\$aLa vie quotidienne au temps de la Renaissance
=942  \\$cBOO
=952  \\$00$10$2ddc$40$6HUM_LEFR$70$8HUM$99064$aORPH$bORPH$cKM12_1$d2020-07-08$eKoopman$i40D06$oHUM LEFR$p20130269$r2021-01-12 00:00:00$w2021-01-12$yBOO
=999  \\$d9073

