=LDR  01387aam a2200265   4500
=001  9076
=005  20251020152745.0
=008  250312s1975\\\\|||aof||\c|||\00|\0|ger\d
=041  \\$ager
=100  1\$aLegner, Anton$912348
=245  \\$aMonumenta Annonis.$bKöln und Siegburg. Weltbild und Kunst im hohem Mittelalter
=260  \\$c1975$aCologne
=300  \\$a248-[12] pages$bprinted and folded front- and endpapers
=590  \\$aEine Ausstellung des Schnütgen-Museums der Stadt Köln in der Cäcilienkirche, 30.4-27.7.1975
=610  \0$aSchnütgen Museum Köln$1http://www.wikidata.org/entity/Q950$939892
=648  \0$aMiddle Ages (500-1400)$1http://www.wikidata.org/entity/Q12554$920964
=650  \0$aExhibition$1http://www.wikidata.org/entity/Q464980$925353
=650  \0$aCatalogue$1http://www.wikidata.org/entity/Q2352616$1http://www.wikidata.org/entity/Q6941730$921484
=650  \0$aFine art$1http://www.wikidata.org/entity/Q219625$921579
=650  \0$aCatholicism$1http://www.wikidata.org/entity/Q1841$921631
=651  \0$aCologne (Germany)$1http://www.wikidata.org/entity/Q365$921601
=651  \0$aSiegburg (Germany)$1http://www.wikidata.org/entity/Q14870$939891
=942  \\$cBOO
=952  \\$00$10$2ddc$40$6TOP_DE_COL_3_000000000000000$70$8TOP$99067$aORPH$bORPH$cKTS0$d2020-07-08$eKoopman$i20G21$l0$oTOP DE.COL 3$p20128167$r2021-01-12 00:00:00$w2021-01-12$yBOO$OKoopman
=999  \\$d9076

