=LDR  01614    a2200277   4500
=001  9077
=005  20251020160230.0
=008  220221s1978\\\\|||ao|||\||||\00|\0\ger\d
=041  \\$ager
=100  \\$aLegner, Anton$4edt$912348
=245  \\$aDie Parler und der schöne Stil 1350-1400:$bEuropaïsche Kunst unter den Luxemburgern
=260  \\$aCologne$c1978
=300  \\$a3 vols. (xxxv-777+267 pages)
=500  \\$aA handbook accompanying the exhibition at the Schnütgen Museum in the Kunsthalle Cologne
=590  \\$aEin Handbuch zur Ausstellung des Schnütgen-Museums in der Kunsthalle Köln
=610  \0$aSchnütgen Museum Köln$1http://www.wikidata.org/entity/Q950$939892
=648  \0$aMiddle Ages (500-1400)$1http://www.wikidata.org/entity/Q12554$920964
=650  \0$aFine art$1http://www.wikidata.org/entity/Q219625$921579
=650  \0$aArchitecture$1http://www.wikidata.org/entity/Q12271$93185
=650  \0$aExhibition$1http://www.wikidata.org/entity/Q464980$925353
=651  \0$aLuxembourg$1http://www.wikidata.org/entity/Q32$922679
=942  \\$cBOO
=952  \\$00$10$2ddc$3vol. 1$40$6TOP_LU_3_000000000000000$70$8TOP$99068$aORPH$bORPH$cKTS0$d2020-07-08$eKoopman$i35F23_01$oTOP LU 3$p20122471$r2021-01-12 00:00:00$w2021-01-12$yBOO
=952  \\$00$10$2ddc$3vol. 2$40$6TOP_LU_3_000000000000000$70$8TOP$99069$aORPH$bORPH$cKTS0$d2020-07-08$eKoopman$i35F23_02$oTOP LU 3$p20122470$r2021-01-12 00:00:00$w2021-01-12$yBOO
=952  \\$00$10$2ddc$3vol. 3$40$6TOP_LU_3_000000000000000$70$8TOP$99070$aORPH$bORPH$cKTS0$d2020-07-08$eKoopman$i35F23_03$oTOP LU 3$p20122469$r2021-01-12 00:00:00$w2021-01-12$yBOO
=999  \\$d9077

