=LDR  01243cam a22003015i 4500
=001  9082
=005  20250120120918.0
=008  190306s1991\\\\ne\ao\\\\b\\\\000\0\dut\\
=020  \\$a9020919105
=040  \\$aOI
=041  \\$adut
=245  04$aHet Pand:$bacht eeuwen geschiedenis van het oud Dominicanenklooster te Gent
=264  \1$aTielt$bLannoo$c1991
=300  \\$a143 pages$billustrations (some color)$c30 cm
=504  \\$aIncludes bibliographical references (pages 139-143).
=610  \0$aDominicanenklooster (Gent, Belgium)$91439
=610  \0$aDominican Order$1http://www.wikidata.org/entity/Q131479$922837
=648  \0$aPast$1http://www.wikidata.org/entity/Q192630$922196
=650  \0$aMonastery$926216
=650  \0$aArchitecture$1http://www.wikidata.org/entity/Q12271$93185
=650  \0$aHistory$1http://www.wikidata.org/entity/Q309$921403
=700  \\$aSimons, Walter$4aut$912351
=700  \\$aBral, Guido Jan$4aut$912352
=700  \\$aCaudron, Jan$d-1963$4aut$912353
=700  \\$aBockstaele, Johan$d-1934$4aut$912354
=942  \\$cBOO
=952  \\$00$10$2ddc$40$6TOP_BE_GHE_0_000000000000000$70$8TOP$920968$aORPH$bORPH$cKTS0$d2020-07-08$eKoopman$i18A17$l0$oTOP BE.GHE 0$p20127034$r2021-11-15 00:00:00$w2021-11-15$yBOO
=999  \\$d9082

