=LDR  00902aam a2200205   4500
=001  9083
=008  211110s1971\\\\|||a||||\||||\00|\0\dut\d
=041  \\$adut
=100  \\$aLehr, André$4aut$916248
=245  \\$aVan paardebel tot speelklok.$bDe geschiedenis van de klokgietkunst in de Lage Landen
=260  \\$c1971$aZaltbommel$bEuropese Bibliotheek
=300  \\$a407 pages
=490  \\$aCultuurgeschiedenis der Lage Landen$v7
=650  \0$aBell$1http://www.wikidata.org/entity/Q101401$922519
=650  \0$aCarillon$1http://www.wikidata.org/entity/Q505174$94152
=651  \0$aNetherlands$1http://www.wikidata.org/entity/Q55$9173
=651  \0$aBelgium$1http://www.wikidata.org/entity/Q31$920881
=942  \\$cBOO
=952  \\$00$10$2ddc$40$6INS_10_000000000000000_3A_NL$70$8INS$99074$aORPH$bORPH$cKTS0$d2020-07-08$eKoopman$i21E07$l0$oINS10.3a NL$p20125421$r2021-01-12 00:00:00$w2021-01-12$yBOO$OKoopman
=999  \\$d9083

