=LDR  00861    a2200205   4500
=001  9084
=008  211112s1959\\\\nl\f||||\||||\00|\0\dut\d
=041  \\$adut
=100  \\$aLehr, André$4aut$916248
=245  \\$aDe Klokkengieters François en Pieter Hemony
=260  \\$c1959$aAsten$bEijsbouts
=300  \\$a168 pages
=600  \0$aHemony, Pieter$1http://www.wikidata.org/entity/Q141451$922797
=650  \0$aCarillon$1http://www.wikidata.org/entity/Q505174$94152
=650  \0$aBell$1http://www.wikidata.org/entity/Q101401$922519
=650  \0$aMusic history$1http://www.wikidata.org/entity/Q846047$921373
=651  \0$aNetherlands$1http://www.wikidata.org/entity/Q55$9173
=942  \\$cBOO
=952  \\$00$10$2ddc$40$6INS_10_000000000000000_3B$70$8INS$99075$aORPH$bORPH$cKTS0$d2020-07-08$eKoopman$i21F60$oINS10.3b$p20125516$r2021-01-12 00:00:00$w2021-01-12$yBOO
=999  \\$d9084

