=LDR  01243cam a2200277 a 4500
=001  9087
=005  20250926135309.0
=008  940414s1993\\\\gw\ch\\\\bc\\\001\0\ger\d
=010  \\$a   94145385 
=020  \\$a3910027075
=035  \\$a(OCoLC)31446880 
=040  \\$aMH-Mu$cMH-Mu$dDLC
=042  \\$alccopycat
=110  \\$aForschungs- und Landesbibliothek Gotha (Germany)$91441
=245  14$aDie Bach-Quellen der Forschungs- und Landesbibliothek Gotha :$bHandschriften und frühe Drucke /$cbeschrieben von Ulrich Leisinger.
=260  \\$aGotha :$bDie Bibliothek,$cc1993.
=300  \\$a127 p. :$bfacsims., port. ;$c21 cm.
=504  \\$aIncludes bibliographical references and index.
=600  \0$aBach, Carl Philipp Emanuel$d1714-1788$1http://www.wikidata.org/entity/Q76428$99218
=610  \0$aForschungs- und Landesbibliothek Gotha (Germany)$91441
=610  \0$aBach family$1http://www.wikidata.org/entity/Q169509$922324
=700  \\$aLeisinger, Ulrich$99268
=942  \\$cBOO
=952  \\$00$10$2ddc$40$6BIO_BACH1_B$70$8BIO$99078$aORPH$bORPH$cKTS1_P$d2020-07-08$eKoopman$i31D07$oBIO BACH1 b$p20121079$r2021-01-12 00:00:00$w2021-01-12$yBOO
=999  \\$c9087$d9087
=490  \\$aVeröffentlichungen der Forschungs- und Landesbibliothek Gotha,$vHeft 31

