=LDR  01491nam a2200265 a 4500
=001  9088
=005  20250926135309.0
=008  970731s1997\\\\gw\a\\\\\bc\\\001\0\ger\\
=020  \\$a3487103036
=040  \\$aOI
=100  \\$aLeisinger, Ulrich$99268
=245  14$aDie Bach-Quellen der Bibliotheken in Brüssel :$bKatalog, mit einer Darstellung von Überlieferungsgeschichte und Bedeutung der Sammlungen Westphal, Fétis und Wagener /$cUlrich Leisinger, Peter Wollny.
=260  \\$aHildesheim ;$aNew York :$bOlms,$c1997.
=300  \\$a573 p. :$bill. ;$c23 cm.
=504  \\$aIncludes bibliographical references and index.
=610  \0$aKoninklijke Bibliotheek van België / Bibliothèque royale 'Albert Ier' (Brussels, Belgium)$1http://www.wikidata.org/entity/Q383931$91442
=610  \0$aConservatoire royal de musique (Brussels, Belgium)$1http://www.wikidata.org/entity/Q336968$91443
=610  \0$aBach family$1http://www.wikidata.org/entity/Q169509$922324
=600  \0$aBach, Carl Philipp Emanuel$d1714-1788$1http://www.wikidata.org/entity/Q76428$99218
=600  \0$aBach, Johann Sebastian$d1685-1750$1http://www.wikidata.org/entity/Q1339$94766
=700  \\$aWollny, Peter$d1961-$1http://www.wikidata.org/entity/Q95339065$915578
=942  \\$cBOO
=952  \\$00$10$2ddc$3band 2$40$6BIO_BACH1_C$70$8BIO$99079$aORPH$bORPH$cKTS1_P$d2020-07-08$eKoopman$i21F17.2$oBIO BACH1 c$p20125489$r2021-01-12 00:00:00$w2021-01-12$yBOO
=999  \\$c9088$d9088
=490  \\$aLeipziger Beiträge zur Bach-Forschung,$v2

