=LDR  00378    a2200121   4500
=001  9089
=020  \\$a9783361004863
=100  \\$aLeisinger, Ulrich$99268
=245  \\$aBach in Leipzig
=260  \\$c1998
=942  \\$cBOO
=952  \\$00$10$2ddc$40$6BIO_BACH1_E$70$8BIO$99080$aORPH$bORPH$cKTS1_P$d2020-07-08$eKoopman$i43B10$oBIO BACH1 e$p20127242$r2021-01-12 00:00:00$w2021-01-12$yBOO
=999  \\$c9089$d9089

