=LDR  00868aam a2200193   4500
=001  9090
=008  250820s1914\\\\||||||||\||||\00|\0bger\d
=041  \\$ager
=100  \\$aLeitzmann, A.$912361$4aut
=245  \\$aMozarts Persönlichkeit.$bUrteile der Zeitgenossen
=260  \\$aLeipzig$bInsel$c1914
=600  \0$aMozart, Wolfgang Amadeus$d1756-1791$1http://www.wikidata.org/entity/Q254$95341
=648  \0$a18th Century (1701-1800)$1http://www.wikidata.org/entity/Q7015$920899
=650  \0$aComposer$1http://www.wikidata.org/entity/Q36834$93625
=650  \0$aPsychology$1http://www.wikidata.org/entity/Q9418$922578
=651  \0$aAustria$1http://www.wikidata.org/entity/Q40$9202
=942  \\$cBOO
=952  \\$00$10$2ddc$40$6BIO_MOZA1_B$70$8BIO$99081$aORPH$bORPH$cKTS1_P$d2020-07-08$eKoopman$i35D28$l0$oBIO MOZA1 b$p20120693$r2021-01-12 00:00:00$w2021-01-12$yBOO$OKoopman
=999  \\$d9090

