=LDR  00877aam a2200181   4500
=001  9094
=008  240422s1933\\\\||||||||\||||\00|\0\dut\d
=041  \\$adut
=100  \\$aLenaerts, René Bernard$d1902-1992$1http://www.wikidata.org/entity/Q60829919$4aut$916484
=245  \\$aHet Nederlands polifonies lied in de zestiende eeuw
=260  \\$aMechelen$bHet Kompas$aAntwerp$bDe Spieghel$c1933
=648  \0$a16th Century (1501-1600)$1http://www.wikidata.org/entity/Q7017$920944
=650  \0$aSong$1http://www.wikidata.org/entity/Q7366$94164
=650  \0$aMusic history$1http://www.wikidata.org/entity/Q846047$921373
=651  \0$aNetherlands$1http://www.wikidata.org/entity/Q55$9173
=942  \\$cBOO
=952  \\$00$10$2ddc$40$6TOP_NL_4_000000000000000$70$8TOP$99085$aORPH$bORPH$cKTS0$d2020-07-08$eKoopman$i19E29$l0$oTOP NL 4$p20125284$r2021-01-12 00:00:00$w2021-01-12$yBOO$OKoopman
=999  \\$d9094

