=LDR  00688    a2200169   4500
=001  9096
=008  210817t1980\\\\||||||||\||||\01|\0\mul\d
=041  \\$adut$aeng$afre$aita$aspa
=100  \\$aLennards, Jos$d1899-1986$4dte$912368
=245  \\$aDivini Cultus Splendori$bLiber Festivus In Honorem Jos Lennards, doctoris cantus gregoriani honoris causa
=260  \\$c1980$aRome
=300  \\$a421 pages
=700  \\$4edt$aLitjens, Henricus P. M.$922029
=700  \\$4edt$aSteinschulte, Gabriel M.$922030
=942  \\$cBOO
=952  \\$00$10$2ddc$40$6REF_4_000000000000000_LENN$70$8REF$99087$aORPH$bORPH$cKM12_1$d2020-07-08$eKoopman$i24E36$oREF4 LENN$p20125923$r2021-01-12 00:00:00$w2021-01-12$yBOO
=999  \\$d9096

