=LDR  01189nam a2200277 a 4500
=001  9098
=003  OI
=005  20250121142124.0
=008  900319s1989\\\\be\\\\\||\\\\||||\||dut||
=020  \\$a9066370408
=040  \\$aBE-GnUNI
=041  \\$adut$afre
=080  \\$a091:78
=100  \\$aLenoir, Yves$4edt$eEditor$916255
=245  00$aGrétry documenten in de verzamelingen van de Koninklijke bibliotheek Albert I
=260  \\$aBrussels$bKoninklijke bibliotheek Albert I$c1989
=300  \\$a189 p.: ill.
=490  0\$aCatalogi van tentoonstellingen georganiseerd in de Koninklijke bibliotheek Albert I$vC221
=504  \\$aBibliogr., index
=518  \\$oTentoonstelling$d27/10/1989-07/12/1989$pBrussel. Koninklijke Bibliotheek Albert I
=600  \0$aGrétry, André-Ernest-Modeste$d1741-1813$1http://www.wikidata.org/entity/Q210962$94756
=648  \0$a18th Century (1701-1800)$1http://www.wikidata.org/entity/Q7015$920899
=942  \\$cBOO
=952  \\$00$10$2ddc$40$6BIO_GRET_A$70$8BIO$99089$aORPH$bORPH$cKTS1_P$d2020-07-08$eKoopman$i43B08$l0$oBIO GRET a$p20127244$r2021-01-12 00:00:00$w2021-01-12$yBOO
=999  \\$c9098$d9098
=650  \0$aBiography$1http://www.wikidata.org/entity/Q36279$91927

