=LDR  01289aam a2200289   4500
=001  9099
=008  250219s1992\\\\||||||||\c|||\00|\0\ger\d
=020  \\$a3799543058
=041  \\$ager
=100  \\$aLenz, Rudolf$912372$4aut
=245  \\$aKatalog der Leichenpredigten und sonstiger Trauerschriften im Hessischen Staatsarchiv Marburg
=260  \\$c1992$aSigmaringen$bThorbecke
=300  \\$a303 pages
=490  \\$aMarburger Personalschriften-Forschungen$v14
=610  \0$aHessisches Staatsarchiv Marburg (Germany)$1http://www.wikidata.org/entity/Q1615998$939759
=650  \0$aDeath$1http://www.wikidata.org/entity/Q4$94425
=650  \0$aSermon$1http://www.wikidata.org/entity/Q60797$921869
=650  \0$aFuneral$1http://www.wikidata.org/entity/Q201676$93261
=650  \0$aLament$1http://www.wikidata.org/entity/Q1471717$922855
=651  \0$aHesse (Germany)$1http://www.wikidata.org/entity/Q1199$922806
=700  \\$aDickhaut, Eva-Maria$4ctb$939755
=700  \\$aKehl, Petra$4ctb$939756
=700  \\$aLiebert, Bernd$4ctb$939757
=700  \\$aWitzel, Jörg$4ctb$939758
=942  \\$cBOO
=952  \\$00$10$2ddc$40$6BIB_4_000000000000000_DE_MAR2$70$8BIB$99090$aORPH$bORPH$cKTS0$d2020-07-08$eKoopman$i23D10$l0$oBIB4 DE.MAR2$p20128609$r2021-01-12 00:00:00$w2021-01-12$yBOO$OKoopman
=999  \\$d9099

