=LDR  00348    a2200109   4500
=001  9104
=100  \\$aLeonard, M.$912375
=245  \\$aBach as Humanist
=260  \\$c2014
=942  \\$cBOO
=952  \\$00$10$40$6BIO_BACH1_E$70$8BIO$99095$aORPH$bORPH$cKTS1_P$d2020-07-08$eKoopman$i45F26$oBIO BACH1 e$p20127498$r2021-01-12 00:00:00$w2021-01-12$yBOO$OKoopman
=999  \\$c9104$d9104

