=LDR  01127cam a2200253 i 4500
=001  9105
=005  20250120120906.0
=008  800204s1979\\\\ne\a\\\\\b\\\\000\0\dut\\
=020  \\$a9029005300 :$cfl 25.00
=040  \\$aOI
=041  \\$adut
=100  \\$aLeonhardt, Gustav$d1928-2012$4aut$1http://www.wikidata.org/entity/Q51584$917151
=245  14$aHet huis Bartolotti en zijn bewoners
=260  \\$aAmsterdam$bMeulenhoff$c[1979]
=300  \\$a192 pages$billustrations$c23 cm
=504  \\$aIncludes bibliographical references.
=610  \0$aBartolotti family$1http://www.wikidata.org/entity/Q37077375$925694
=648  \0$a17th Century (1601-1700)$1http://www.wikidata.org/entity/Q7016$920923
=650  \0$aArchitecture$1http://www.wikidata.org/entity/Q12271$93185
=650  \0$aCuckoo$1http://www.wikidata.org/entity/Q18845$922474
=651  \0$aAmsterdam (Netherlands)$1http://www.wikidata.org/entity/Q727$9135
=942  \\$cBOO
=952  \\$00$10$2ddc$40$6TOP_NL_AMS_5_000000000000000$70$8TOP$99096$aORPH$bORPH$cKTS0$d2020-07-08$eKoopman$i24C81$l0$oTOP NL.AMS 5$p20128970$r2021-01-12 00:00:00$w2021-01-12$yBOO$OKoopman
=999  \\$d9105

