=LDR  01221cam a2200289 a 4500
=001  9107
=005  20250120120156.0
=008  840217s1982\\\\gw\acfg\\bk\\\001\0bger\\
=020  \\$a3921518725
=040  \\$aOI
=041  \\$ager
=100  \\$aLeopold, Silke$4edt$912377
=245  10$aClaudio Monteverdi und seine Zeit
=260  \\$aLaaber$bLaaber-Verlag$c1982
=300  \\$a368 pages$bill., ports., pls., music, facsims. ;$c23 cm.
=490  \\$aGroße Komponisten und ihre Zeit
=504  \\$aBibliography: p. 335-340.
=504  \\$aDiscography: p. 343-360.
=600  \0$aMonteverdi, Claudio$d1567-1643$1http://www.wikidata.org/entity/Q53068$910794
=648  \0$a16th Century (1501-1600)$1http://www.wikidata.org/entity/Q7017$920944
=648  \0$a17th Century (1601-1700)$1http://www.wikidata.org/entity/Q7016$920923
=650  \0$aComposer$1http://www.wikidata.org/entity/Q36834$93625
=651  \0$aMantua (Italy)$1http://www.wikidata.org/entity/Q6247$921593
=651  \0$aVenice (Italy)$1http://www.wikidata.org/entity/Q641$91
=942  \\$cBOO
=952  \\$00$10$2ddc$40$6BIO_MONT2_E$70$8BIO$99098$aORPH$bORPH$cKTS1_P$d2020-07-08$eKoopman$i23B26$oBIO MONT2 e$p20128533$r2021-01-12 00:00:00$w2021-01-12$yBOO
=999  \\$d9107

