=LDR  01056cam a2200229 i 4500
=001  9109
=005  20250120120043.0
=008  780216s1976\\\\gw\g\\\\\b\\\\000\0dger\\
=015  \\$aGFR***
=020  \\$a3921029457
=040  \\$aOI
=100  \\$aLeopold, Silke$912377
=245  10$aStefano Landi :$bBeiträge zur Biographie, Untersuchungen zur weltlichen und geistlichen Vokalmusik /$cSilke Leopold.
=260  \\$aHamburg :$bK. D. Wagner,$c1976.
=300  \\$a2 v. :$bmusic ;$c22 cm.
=490  0\$aHamburger Beiträge zur Musikwissenschaft ; Bd. 17
=504  \\$aBibliography: v. 1, p. 372-384.
=600  \0$aLandi, Stefano$d1586/87-1639$1http://www.wikidata.org/entity/Q381943$912265
=942  \\$cBOO
=952  \\$00$10$2ddc$40$6BIO_LAND_E$70$8BIO$99099$aORPH$bORPH$cKTS1_P$d2020-07-08$eKoopman$i41D10-1$l0$oBIO LAND e$p20120162$r2021-01-12 00:00:00$w2021-01-12$yBOO$OKoopman
=952  \\$00$10$2ddc$40$6BIO_LAND_E$70$8BIO$99100$aORPH$bORPH$cKTS1_P$d2020-07-08$eKoopman$i41D10-2$l0$oBIO LAND e$p20120161$r2021-01-12 00:00:00$w2021-01-12$yBOO$OKoopman
=999  \\$d9109

