=LDR  01043cam a22002774a 4500
=001  9110
=003  OSt
=005  20250120120043.0
=008  040806s2004\\\\gw\ag\\\\b\\\\001\0\ger\c
=020  \\$a3890071341
=020  \\$a3890071244 (Gesamtwerk)
=040  \\$aOI
=041  \\$ager
=100  \\$aLeopold, Silke$4aut$912377
=245  14$aDie Oper im 17. Jahrhundert
=246  3\$aOper im siebzehnten Jahrhundert
=260  \\$aLaaber$bLaaber-Verlag$c2004
=300  \\$a342 pages$billustrations, music$c28 cm
=490  \\$aHandbuch der musikalischen Gattungen$v11
=504  \\$aIncludes bibliographical references and indexes.
=648  \0$a17th Century (1601-1700)$1http://www.wikidata.org/entity/Q7016$920923
=650  \0$aOpera$1http://www.wikidata.org/entity/Q1344$92468
=650  \0$aMusic history$1http://www.wikidata.org/entity/Q846047$921373
=942  \\$cBOO
=952  \\$00$10$2ddc$40$6GEN_16_000000000000000$70$8GEN$99101$aORPH$bORPH$cKM12_1$d2020-07-08$eKoopman$i44C25$oGEN16$p20126646$r2021-01-12 00:00:00$w2021-01-12$yBOO
=999  \\$d9110

