=LDR  01541nam a2200325 a 4500
=001  9111
=005  20250120120223.0
=008  950911s1995\\\\sz\g\\\\\b\\\\001\0\ger\d
=010  \\$a   95201581 
=020  \\$a3890072771 (v. 1)
=020  \\$a389007278X (v. 2)
=035  \\$a(OCoLC)33119766 
=040  \\$aINS$cINS$dDLC
=041  \\$ager
=100  \\$aLeopold, Silke$4aut$912377
=245  10$aAl modo d'Orfeo:$bDichtung und Musik im italienischen Sologesang des frühen 17. Jahrhunderts
=260  \\$aLaaber$bLaaber-Verlag$c1995
=300  \\$a2 vols (viii-298+viii-395 pages)$bmusic$c24 cm
=490  \\$aAnalecta musicologica$v29
=504  \\$aIncludes bibliographical references and indexes.
=600  \0$aOrpheus$1http://www.wikidata.org/entity/$911156
=648  \0$a17th Century (1601-1700)$1http://www.wikidata.org/entity/Q7016$920923
=650  \0$aSong$1http://www.wikidata.org/entity/Q7366$94164
=650  \0$aPoetry$1http://www.wikidata.org/entity/Q482$93026
=650  \0$aMythology$1http://www.wikidata.org/entity/Q9134$921600
=651  \0$aItaly$1http://www.wikidata.org/entity/Q38$922
=942  \\$cBOO
=952  \\$00$10$2ddc$3T. 1. Abhandlung$40$6TOP_IT_5_000000000000000$70$8TOP$99102$aORPH$bORPH$cKTS0$d2020-07-08$eKoopman$l0$oTOP IT 5$p20129454$r2021-01-12 00:00:00$w2021-01-12$yBOO$OKoopman TS
=952  \\$00$10$2ddc$3T. 2. Notenbeispiele und Katalog$40$6TOP_IT_5_000000000000000$70$8TOP$99103$aORPH$bORPH$cKTS0$d2020-07-08$eKoopman$l0$oTOP IT 5$p20129455$r2021-01-12 00:00:00$w2021-01-12$yBOO$OKoopman TS
=999  \\$d9111

