=LDR  00362    a2200109   4500
=001  9113
=100  \\$aLépine, J.$912379
=245  \\$aLa Vie de Claude Debussy
=260  \\$c1930
=942  \\$cBOO
=952  \\$00$10$2ddc$40$6BIO_DEBU_D$70$8BIO$99104$aORPH$bORPH$cKTS1_P$d2020-07-08$eKoopman$i47C30$l0$oBIO DEBU d$p20123724$r2021-01-12 00:00:00$w2021-01-12$yBOO$OKoopman
=999  \\$c9113$d9113

