=LDR  01172cam a2200229 i 4500
=001  9117
=008  780213s1977\\\\gw\f\\\\\b\\\\001\0\eng\\
=041  \\$aeng
=100  \\$aLeppert, Richard D.$4aut$912381
=245  14$aThe Theme of Music in Flemish Paintings of the Seventeenth Century
=260  \\$aMunich$bKatzbichler$c1977
=300  \\$a2 vols. (xiv-288+349 pages)
=490  \\$aMusik und Musiker im Bild$v1
=504  \\$aBibliography: v. 1, p. [256]-288.
=648  \0$a17th Century (1601-1700)$1http://www.wikidata.org/entity/Q7016$920923
=650  \0$aIconography$1http://www.wikidata.org/entity/Q208145$921259
=650  \0$aFine art$1http://www.wikidata.org/entity/Q219625$921579
=651  \0$aFlanders (Belgium)$1http://www.wikidata.org/entity/Q234$989
=942  \\$cBOO
=952  \\$00$10$2ddc$3Vol.1$40$6TOP_BE_FLA_5_000000000000000$70$8TOP$99107$aORPH$bORPH$cKTS0$d2020-07-08$eKoopman$i28B40$oTOP BE.FLA 5$p20121467$r2021-01-12 00:00:00$w2021-01-12$yBOO$OKoopman
=952  \\$00$10$2ddc$3Vol.2$40$6TOP_BE_FLA_5_000000000000000$70$8TOP$99108$aORPH$bORPH$cKTS0$d2020-07-08$eKoopman$i28B40$oTOP BE.FLA 5$p20121466$r2021-01-12 00:00:00$w2021-01-12$yBOO$OKoopman
=999  \\$d9117

