=LDR  00387    a2200121   4500
=001  9118
=020  \\$a906469771X
=100  \\$aLequin, F.$912382
=245  \\$aIsaac Titsingh (1745-1812)
=260  \\$c2002
=942  \\$cBOO
=952  \\$00$10$2ddc$40$6BIO_TITS_D$70$8BIO$99109$aORPH$bORPH$cKTS1_P$d2020-07-08$eKoopman$i23B43$oBIO TITS d$p20128512$r2021-01-12 00:00:00$w2021-01-12$yBOO$OKoopman
=999  \\$c9118$d9118

