=LDR  00900aam a2200217   4500
=001  9120
=008  220922s1998\\\\|||o||||\||||\00|\0\fre\d
=020  \\$a9782809908022
=041  \\$afre
=245  \\$aLes Abbayes cisterciennes en France et en Europe
=260  \\$c1998
=610  \0$aCistercians$1http://www.wikidata.org/entity/Q166861$923733
=648  \0$aMiddle Ages (500-1400)$1http://www.wikidata.org/entity/Q12554$920964
=650  \0$aArchitecture$1http://www.wikidata.org/entity/Q12271$93185
=650  \0$aMonastery$1http://www.wikidata.org/entity/Q44613$926216
=651  \0$aFrance$1http://www.wikidata.org/entity/Q142$9131
=700  \\$4aut$aLeroux-Dhuys, J. F.$912384
=700  \\$4aut$aGaud, H.$925017
=942  \\$cBOO
=952  \\$00$10$2ddc$40$6VIS_LERO$70$8VIS$99111$aORPH$bORPH$cKTS1_H$d2020-07-08$eKoopman$i45G35$l0$oVIS LERO$p20127529$r2021-01-12 00:00:00$w2021-01-12$yBOO$OKoopman
=999  \\$d9120

