=LDR  00557cam a2200157u  4500
=001  9121
=005  20250120115909.0
=008  810810q18301839enk\\\\\\\\\\\000\0\eng\\
=040  \\$aOI
=110  \\$aAborigines' Protection Society (Australia)$91446
=245  00$aBritish and foreign Aborigines' protection society.
=260  \\$a[London,$bPrinted by J. and C. Adlard,$c183-?]
=300  \\$a7, [1] p.$c18 cm.
=942  \\$cBOO
=952  \\$00$10$40$70$8BIO$99112$aORPH$bORPH$cKTS1_P$d2020-07-08$eKoopman$p20129582$r2021-01-12 00:00:00$w2021-01-12$yBOO$OKoopman
=999  \\$c9121$d9121

