=LDR  01056    a2200229   4500
=001  9123
=008  210903s1935\\\\\\\|||||\||||\00|\f\fre\d
=041  \\$afre
=100  \\$aLesage, Alain-René$d1668-1747$4aut$1http://www.wikidata.org/entity/Q267962$95970
=245  \\$aHistoire de Gil Blas de Santillane
=260  \\$aParis$bSociété des Belles Lettres$c1935
=300  \\$a2 vols.
=490  \\$aLes textes français
=500  \\$aPicaresque novel
=534  \\$aOriginally published in 1715-1735
=648  \0$a18th Century (1701-1800)$1http://www.wikidata.org/entity/Q7015$920899
=650  \0$aNovel$1http://www.wikidata.org/entity/Q8261$921629
=651  \0$aFrance$1http://www.wikidata.org/entity/Q142$9131
=942  \\$cBOO
=952  \\$00$10$2ddc$40$6LIT_LESA_A$70$8LIT$99113$aORPH$bORPH$cKM12_2_H$d2020-07-08$eKoopman$i40H29$oLIT LESA a$p20122192$r2021-01-12 00:00:00$w2021-01-12$yBOO
=952  \\$00$10$2ddc$40$6LIT_LESA_A$70$8LIT$99114$aORPH$bORPH$cKM12_2_H$d2020-07-08$eKoopman$i40H29$oLIT LESA a$p20122191$r2021-01-12 00:00:00$w2021-01-12$yBOO
=999  \\$d9123

