=LDR  00392    a2200121   4500
=001  9125
=020  \\$a9789050181358
=100  \\$aLescourret, M. A.$912387
=245  \\$aPieter Paul Rubens
=260  \\$c1990
=942  \\$cBOO
=952  \\$00$10$2ddc$40$6BIO_RUBE_D$70$8BIO$99116$aORPH$bORPH$cKTS1_P$d2020-07-08$eKoopman$i42A31$l0$oBIO RUBE d$p20122122$r2021-01-12 00:00:00$w2021-01-12$yBOO$OKoopman
=999  \\$c9125$d9125

