=LDR  00798aam a2200181   4500
=001  9126
=008  250207s1966\\\\||||||||\||||\00|\0\ger\d
=041  \\$ager$hfre
=100  \\$aLesure, François$1http://www.wikidata.org/entity/Q2426092$917727$4aut
=245  \\$aMusik und Gesellschaft im Bild
=260  \\$aKassel$bBärenreiter$c1966
=648  \0$aPast$1http://www.wikidata.org/entity/Q192630$922196
=650  \0$aMusic history$1http://www.wikidata.org/entity/Q846047$921373
=650  \0$aSociety$1http://www.wikidata.org/entity/Q8425$94658
=650  \0$aIconography$1http://www.wikidata.org/entity/Q208145$921259
=942  \\$cBOO
=952  \\$00$10$2ddc$40$6VIS_LESU$70$8VIS$99117$aORPH$bORPH$cKTS1_H$d2020-07-08$eKoopman$i18B37$l0$oVIS LESU$p20127722$r2021-01-12 00:00:00$w2021-01-12$yBOO$OKoopman
=999  \\$d9126

