=LDR  01456nam a2200325 i 4500
=001  9127
=005  20250121142124.0
=008  741010s1972\\\\sz\a\\\\\b\\\\000\0\fre\\
=020  \\$a2826600001 :$c150F
=040  \\$aOI
=041  \\$afre
=100  \\$aLesure, François$4aut$1http://www.wikidata.org/entity/Q2426092$917727
=245  12$aL'opéra classique français :$cXVIIe et XVIIIe siècles
=246  \1$aL'opéra classique français
=260  \\$aGenève$bMinkoff$c[1972]
=300  \\$avi-121 pages$billustrations$c28 cm
=490  0\$aIconographie musicale$v1
=504  \\$aBibliography: p. 11.
=590  \\$areprod. de documents iconogr. recueillis par François Lesure
=648  \0$a17th Century (1601-1700)$1http://www.wikidata.org/entity/Q7016$920923
=648  \0$a18th Century (1701-1800)$1http://www.wikidata.org/entity/Q7015$920899
=650  \0$aOpera$1http://www.wikidata.org/entity/Q1344$92468
=650  \0$aTheater$1http://www.wikidata.org/entity/Q24354$92225
=650  \0$aArchitecture$1http://www.wikidata.org/entity/Q12271$93185
=650  \0$aStaging$1http://www.wikidata.org/entity/Q3508687$922118
=650  \0$aCostume$1http://www.wikidata.org/entity/Q1410477$922116
=651  \0$aFrance$1http://www.wikidata.org/entity/Q142$9131
=942  \\$cBOO
=952  \\$00$10$2ddc$40$6TOP_FR_5_000000000000000$70$8TOP$99118$aORPH$bORPH$cKTS0$d2020-07-08$eKoopman$i19A14$oTOP FR 5$p20125162$r2021-01-12 00:00:00$w2021-01-12$yBOO
=999  \\$d9127

