=LDR  01229aam a2200217   4500
=001  9128
=008  220525s1969\\\\||||||||\b|||\00|\0\fre\d
=041  \\$afre
=100  \\$aLesure, François$4edt$1http://www.wikidata.org/entity/Q2426092$917727
=245  \\$aBibliographie des éditions musicales publiées par Estienne Roger et Michel-Charles le Cène (Amsterdam 1696-1743)
=260  \\$aParis$bSociété française de musicologie$c1969
=490  \\$aPublications de la société française de musicologie, deuxième série$v12
=600  \0$aRoger, Estienne$d1665-1722$1http://www.wikidata.org/entity/Q715081$924046
=600  \0$aLe Cène, Michel-Charles$d1684-1743$1http://www.wikidata.org/entity/Q328820$924277
=648  \0$a18th Century (1701-1800)$1http://www.wikidata.org/entity/Q7015$920899
=650  \0$aMusic printing$1http://www.wikidata.org/entity/Q64416036$94007
=650  \0$aBibliography$1http://www.wikidata.org/entity/Q134995$93965
=651  \0$aAmsterdam (Netherlands)$1http://www.wikidata.org/entity/Q727$9135
=942  \\$cBOO
=952  \\$00$10$2ddc$40$6BIB_4_000000000000000_NL_AMS_5$70$8BIB$99119$aORPH$bORPH$cKTS0$d2020-07-08$eKoopman$i20B07$oBIB4 NL.AMS 5$p20128003$r2021-01-12 00:00:00$w2021-01-12$yBOO
=999  \\$d9128

