=LDR  01499aam a2200277   4500
=001  9129
=008  220525s1955\\\\|||a||||\b|||\00|\0\fre\d
=041  \\$afre
=245  \\$aBibliographie des éditions d'Adrian le Roy et Robert Ballard (1551-1598)
=260  \\$aParis$bSociété Française de Musicologie$c1955
=300  \\$a304-[ii] pages
=490  \\$aPublications de la Société Française de musicologie, deuxième série$v9
=600  \0$aBallard, Robert$d152?-1588$1http://www.wikidata.org/entity/Q2156446$924275
=600  \0$aLe Roy, Adrian$d1520-1598$1http://www.wikidata.org/entity/Q373349$924276
=610  \0$aBallard family$1http://www.wikidata.org/entity/Q16479781$922326
=648  \0$a16th Century (1501-1600)$1http://www.wikidata.org/entity/Q7017$920944
=650  \0$aMusic printing$1http://www.wikidata.org/entity/Q64416036$94007
=650  \0$aMusic publishing company$1http://www.wikidata.org/entity/Q1917775$927716
=650  \0$aPublishing$1http://www.wikidata.org/entity/Q3972943$93049
=650  \0$aBibliography$1http://www.wikidata.org/entity/Q134995$93965
=651  \0$aFrance$1http://www.wikidata.org/entity/Q142$9131
=700  \\$4edt$aLesure, François$1http://www.wikidata.org/entity/Q2426092$917727
=700  \\$4edt$aChambure, Geneviève Thibault de $d1902-1975$922219
=942  \\$cBOO
=952  \\$00$10$2ddc$40$6BIB_4_000000000000000_FR_4$70$8BIB$99120$aORPH$bORPH$cKTS0$d2020-07-08$eKoopman$i23D09$oBIB4 FR 4$p20128610$r2021-01-12 00:00:00$w2021-01-12$yBOO
=999  \\$d9129

