=LDR  00985    a2200217   4500
=001  9130
=008  210415s2001\\\\\\\|||||\||||\00|\0\eng\d
=020  \\$a9790520226530
=041  \\$aeng
=245  \\$aWomen Writing Opera:$bCreativity and Controversy in the Age of the French Revolution
=260  \\$aBerkeley$bUniversity of California Press$c2001
=490  \\$aStudies on the History of Society and Culture$v43
=561  \\$aHandwritten dedication by Robert Adelson to Ton Koopman, Leiden, 2 April 2004
=648  \0$a18th Century (1701-1800)$1http://www.wikidata.org/entity/Q7015$920899
=650  \0$aGender$1http://www.wikidata.org/entity/P21$921254
=650  \0$aOpera$1http://www.wikidata.org/entity/Q1344$92468
=700  \\$4aut$aLetzter, J.$912390
=700  \\$4aut$aAdelson, Robert$99038
=942  \\$cBOO
=952  \\$00$10$2ddc$40$6TOP_FR_5_000000000000000$70$8TOP$99121$aORPH$bORPH$cKTS0$d2020-07-08$eKoopman$i38F44$oTOP FR 5$p20122337$r2021-01-12 00:00:00$w2021-01-12$yBOO
=999  \\$d9130

