=LDR  00988aam a2200205   4500
=001  9132
=008  231208s1951\\\\||||||||\||||\00|\0\dut\d
=041  \\$adut
=100  \\$aLeuven, L. P.$912393$4aut
=245  \\$aDe boekhandel te Amsterdam door katholieken gedreven tijdens de Republiek
=260  \\$aEpe$bHooiberg$c1951
=648  \0$a16th Century (1501-1600)$1http://www.wikidata.org/entity/Q7017$920944
=648  \0$a17th Century (1601-1700)$1http://www.wikidata.org/entity/Q7016$920923
=648  \0$a18th Century (1701-1800)$1http://www.wikidata.org/entity/Q7015$920899
=650  \0$aBook$1http://www.wikidata.org/entity/Q571$92285
=650  \0$aTrade$1http://www.wikidata.org/entity/Q601401$923616
=651  \0$aAmsterdam (Netherlands)$1http://www.wikidata.org/entity/Q727$9135
=942  \\$cBOO
=952  \\$00$10$2ddc$40$6BIB_4_000000000000000_AMS_4$70$8BIB$99123$aORPH$bORPH$cKTS0$d2020-07-08$eKoopman$i19F37$l0$oBIB4 AMS 4$p20125235$r2021-01-12 00:00:00$w2021-01-12$yBOO$OKoopman
=999  \\$d9132

