=LDR  01187cam a22002531  4500
=001  9134
=005  20250120120940.0
=008  740604s1942\\\\xx\\\\\\\\\\\\000\0\eng\\
=010  \\$a   43002209 
=040  \\$aOI
=041  \\$aeng
=100  \\$aLevien, John Joseph Mewburn$d1863-1953$4aut$927351
=245  10$aImpressions of W. T. Best (1826-1897) organist at St. George's Hall, Liverpool, the Handel Festival, &c.,
=260  \\$aLondon$bNovello$c1942
=300  \\$a62 pages$billustrations$c22 cm
=600  \0$aBest, William Thomas$d1826-1897$1http://www.wikidata.org/entity/Q352131$927352
=600  \0$aHandel, George Frideric$d1685-1759$1http://www.wikidata.org/entity/Q7302$94765
=648  \0$a19th Century (1801-1900)$1http://www.wikidata.org/entity/Q6955$920935
=650  \0$aOrganist$1http://www.wikidata.org/entity/Q765778$94471
=650  \0$aBiography$1http://www.wikidata.org/entity/Q36279$91927
=651  \0$aLiverpool (United Kingdom)$1http://www.wikidata.org/entity/Q24826$927353
=942  \\$cBOO
=952  \\$00$10$2ddc$40$6BIO_BEST_B$70$8BIO$99125$aORPH$bORPH$cKTS1_P$d2020-07-08$eKoopman$i28B56$oBIO BEST b$p20121451$r2021-01-12 00:00:00$w2021-01-12$yBOO$OKoopman
=999  \\$d9134

