=LDR  01395cam a2200325 a 4500
=001  9135
=005  20250925143258.0
=008  810625s1980\\\\ne\a\\\\\b\\\\001\0\dut\\
=015  \\$aNe***
=020  \\$a9063880715 :$cfl 32.50
=040  \\$aOI
=041  \\$adut
=100  \\$aEeden, Frederik van$d1860-1932$1http://www.wikidata.org/entity/Q211514$4aut$94949
=240  10$aWalden-dagboek
=245  10$aWalden in droom en daad:$bWalden-dagboek en notulen van Frederik van Eeden e.a. 1898-1903
=260  \\$aAmsterdam$bHuis aan de Drie Grachten$c1980
=300  \\$a298 pages$billustrations$c22 cm
=490  \\$aDokumenten$v1
=504  \\$aBibliography: p. [233]-239. Includes index.
=590  \\$auitgave met inleiding en commentaar door J.S. de Ley en B. Luger
=648  \0$a19th Century (1801-1900)$1http://www.wikidata.org/entity/Q6955$920935
=648  \0$a20th Century (1901-2000)$1http://www.wikidata.org/entity/Q6927$920936
=650  \0$aWriter$1http://www.wikidata.org/entity/Q36180$93885
=650  \0$aDiary$1http://www.wikidata.org/entity/Q185598$921711
=651  \0$aNetherlands$1http://www.wikidata.org/entity/Q55$9173
=700  1\$aLey, J. S. de$4edt
=700  1\$aLuger, B.$4edt
=942  \\$cBOO
=952  \\$00$10$2ddc$40$6BIO_EEDE_A$70$8BIO$99126$aORPH$bORPH$cKTS1_P$d2020-07-08$eKoopman$i22D23$oBIO EEDE a$p20128455$r2021-01-12 00:00:00$w2021-01-12$yBOO$OKoopman
=999  \\$d9135

