=LDR  00406    a2200121   4500
=001  9136
=020  \\$a97894901980309
=100  \\$aLeyster, J.$912396
=245  \\$aDe eerste vrouw die meesterschilder werd
=260  \\$c2009
=942  \\$cBOO
=952  \\$00$10$2ddc$40$6BIO_LEYS_D$70$8BIO$99127$aORPH$bORPH$cKTS1_P$d2020-07-08$eKoopman$i25C45$oBIO LEYS d$p20129257$r2021-01-12 00:00:00$w2021-01-12$yBOO$OKoopman
=999  \\$c9136$d9136

