=LDR  00939aam a2200217   4500
=001  9137
=008  250820s2011\\\\||||||||\||||\00|\0bfre\d
=020  \\$a9722356211046
=041  \\$afre
=100  \\$aLhopiteau-Dorfeuille, Michèle$912398$4aut
=245  \\$aWolfgang Amadeo Mozart :$brêver avec les sons
=260  \\$aLormont$bLe Bord de l'eau$c2011
=300  \\$e2-CD
=561  \\$aHandwritten dedication by the author to Ton Koopman
=600  \0$aMozart, Wolfgang Amadeus$d1756-1791$1http://www.wikidata.org/entity/Q254$95341
=648  \0$a18th Century (1701-1800)$1http://www.wikidata.org/entity/Q7015$920899
=650  \0$aComposer$1http://www.wikidata.org/entity/Q36834$93625
=651  \0$aAustria$1http://www.wikidata.org/entity/Q40$9202
=942  \\$cBOO
=952  \\$00$10$2ddc$40$6BIO_MOZA1_D$70$8BIO$99128$aORPH$bORPH$cKTS1_P$d2020-07-08$eKoopman$i43B31$l0$oBIO MOZA1 d$p20127221$r2021-01-12 00:00:00$w2021-01-12$yBOO$OKoopman
=999  \\$d9137

