=LDR  04179cam a2200301 a 4500
=001  9138
=005  20250926134855.0
=008  140925s2014\\\\fr\abf\g\\\\\\001\0bfre\d
=010  \\$a  2014502406
=020  \\$a9782356873347 (pbk.)
=020  \\$a2356873341 (pbk.)
=040  \\$aOI
=041  \\$afre
=100  \\$aLhopiteau-Dorfeuille, Michèle$4aut$912398
=245  10$aJean-Sébastien Bach, un sacré tempérament
=260  \\$aLormont$bBord de l'eau$c2014
=300  \\$a244 pages$bill. (some col.), maps ;$c23 cm. +$e2 audio CD (4 3/4 in.).
=490  1\$aToutes les clés pour explorer la musique classique
=505  00$tPréface -- Juste un petit mot de l'auteur -- Petit lexique chronologique des diverses formes musicales -- Et des instruments en usage aux temps de Bach et ses fils -- 1. Repères historiques, biographiques, littéraires et musicaux -- 2. Les sources de cet essai -- 3. Jean-Sébastien Bach entre Luther, Calvin, les piétistes et l'église catholique -- 4. Jean-Sébastien Bach au clavier -- 5. Jean-Sébastien Bach à la baguette -- 6. Être cantor au XVIIIe siècle -- 7. Le voyageur immobile -- 8. Les deux visages de l'amour -- 9. "Et expecto resurrectionem mortuorum" ("et j'attends la résurrection des morts") -- 10. Jean-Sébastien Bach est-il vraiment passé à côté de l'opéra ? -- 11. Jean-Sébastien Bach (1685-1750) et Wolfgang Amadeo Mozart (1756-1791) -- 12. Jean-Sébastien Bach (1685-1750) versus Georges-Frédéric Haendel (1685-1759) -- 13. La musique, une affaire de famille -- 14. Jean-Sébastien Bach sans sa perruque -- 15. Rapide état des lieux de la musique baroque en général et de Jean-Sébastien Bach en particulier dans la France du XXIe siècle.
=520  \\$a"Jean-Sébastien Bach (1685-1750) est un survivant : orphelin à dix ans, recueilli cinq ans par son frère aîné puis trois ans pensionnaire très loin de sa Thuringe natale, jeté en prison pour avoir demandé son congé et veuf à trente-cinq ans, il eut à surmonter, tout au long de sa vie, des coups du sort en rafale. Bach a également résisté aux humeurs de ses maîtres successifs comme à l'imbécillité de ses employeurs, entendu qu'au XVIIIe siècle un musicien n'avait le choix qu'entre servir des despotes plus ou moins éclairés et servir des ânes bâtés (quand ce n'était pas les deux à la fois). L'image de Bach - et c'est plus remarquable encore - a enfin survécu à l'indifférence quasi générale dans laquelle est tombée sa musique, juste après sa mort. Jusqu'à la grande et belle bâtisse de pierre dans laquelle il passa les vingt-sept dernières années de sa vie - en qualité de cantor qui fut rasée en 1902, sur ordre de la municipalité de Leipzig et pour cause d'insalubrité ! L'homme est en outre difficile à cerner car son oeuvre nous en fait entrevoir des visages contradictoires : ce Bach dont la musique sacrée nous submerge d'émotion est aussi celui qui a joué pendant dix ans dans un café de Leipzig. C'est bien cet organiste, dont les centaines de cantates et de motets traitent essentiellement du mystère de la mort, qui a également laissé une abondante musique instrumentale aux pulsations débordantes de vie. Tout en engendrant, bon an mal an, vingt enfants dont deux furent, de leur vivant, beaucoup plus célèbres que leur père. Tout en replaçant Jean-Sébastien Bach dans son cadre et surtout dans son époque, c'est comme toujours sa musique que Michèle Lhopiteau-Dorfeuille a résolu de mettre en lumière, regroupant des extraits de ses plus belles pages sur deux CDs d'illustrations sonores."--P. [4] of cover.
=600  \0$aBach, Johann Sebastian$d1685-1750$1http://www.wikidata.org/entity/Q1339$94766
=648  \0$a18th Century (1701-1800)$1http://www.wikidata.org/entity/Q7015$920899
=650  \0$aComposer$1http://www.wikidata.org/entity/Q36834$93625
=650  \0$aBiography$1http://www.wikidata.org/entity/Q36279$91927
=651  \0$aGermany$1http://www.wikidata.org/entity/Q183$9155
=942  \\$cBOO
=952  \\$00$10$2ddc$40$6BIO_BACH1_D$70$8BIO$99129$aORPH$bORPH$cKTS1_P$d2020-07-08$eKoopman$i46E20$oBIO BACH1 d$p20126947$r2021-01-12 00:00:00$w2021-01-12$yBOO
=999  \\$d9138

