=LDR  00963    a2200217   4500
=001  9140
=008  220615s1966\\\\it\\||||\||||\00|\0\ita\d
=041  \\$aita
=100  \\$aDalla Libera, Sandro$4aut$912400
=245  \\$aL'Arte degli Organi nel Veneto.$bLa Diocesi di Ceneda
=260  \\$aVenice$bFondazione Giorgio Cini$c1966
=300  \\$a278 pages, plates
=490  \\$aCiviltà Veneziana Studi$v18
=650  \0$aOrgan$1http://www.wikidata.org/entity/Q1444$92810
=650  \0$aOrganology$1http://www.wikidata.org/entity/Q899293$921400
=650  \0$aMusic history$1http://www.wikidata.org/entity/Q846047$921373
=650  \0$aIconography$1http://www.wikidata.org/entity/Q208145$921259
=651  \0$aVeneto (Italy)$1http://www.wikidata.org/entity/Q1243$922666
=942  \\$cBOO
=952  \\$00$10$2ddc$40$6INS_3_000000000000000_1A_IT_VIT$70$8INS$99131$aORPH$bORPH$cKTS0$d2020-07-08$eKoopman$i24B34$oINS3.1a IT.VIT$p20128800$r2021-01-12 00:00:00$w2021-01-12$yBOO
=999  \\$d9140

