=LDR  01230    a2200265   4500
=001  9141
=005  20251003085457.0
=008  211103s1989\\\\-usf||||\||||\00|\0\eng\d
=022  \\$a00261521
=041  \\$aeng
=100  \\$aLibin, Laurence$4aut$912401
=110  \\$4edt$aMetropolitan Museum of Art (New York City, USA)$1http://www.wikidata.org/entity/Q160236$91275
=245  \\$aThe Metropolitan museum of Art Bulletin. Summer 1989. Keyboard Instruments
=260  \\$c1989$aNew York$bThe Metropolitan Museum of Art
=300  \\$a57 pages
=336  \\$aprinted
=648  \0$a16th Century (1501-1600)$1http://www.wikidata.org/entity/Q7017$920944
=648  \0$a17th Century (1601-1700)$1http://www.wikidata.org/entity/Q7016$920923
=648  \0$a18th Century (1701-1800)$1http://www.wikidata.org/entity/Q7015$920899
=650  \0$aKeyboard instrument$1http://www.wikidata.org/entity/Q52954$92849
=650  \0$aCatalogue$1http://www.wikidata.org/entity/Q2352616$921484
=651  \0$aNew York City (USA)$1http://www.wikidata.org/entity/Q60$959
=942  \\$cBOO
=952  \\$00$10$2ddc$40$6INS_3A_US_NEW1$70$8INS$99132$aORPH$bORPH$cKTS0$d2020-07-08$eKoopman$i18B35$oINS3a US.NEW1$p20127724$r2021-01-12 00:00:00$w2021-01-12$yBOO
=999  \\$d9141

