=LDR  00900    a2200205   4500
=001  9143
=008  220425s1925\\\\gw\f||||\||||\00|\0\ger\d
=041  \\$ager
=100  \\$aLichtwark, Karl$4aut$1http://www.wikidata.org/entity/Q1732156$912403
=245  \\$aDie drei Orgeln in St. Marien zu Lübeck
=260  \\$c1925$aLübeck$bBorchers
=300  \\$a16 pages
=336  \\$aprinted
=610  \0$aMarienkirche (Lübeck, Germany)$1http://www.wikidata.org/entity/Q695065$91740
=650  \0$aOrgan$1http://www.wikidata.org/entity/Q1444$92810
=650  \0$aOrganology$1http://www.wikidata.org/entity/Q899293$921400
=651  \0$aLübeck (Germany)$1http://www.wikidata.org/entity/Q2843$9125
=942  \\$cBOO
=952  \\$00$10$2ddc$40$6INS_3_000000000000000_1E_DE_LUB$70$8INS$99134$aORPH$bORPH$cKTS0$d2020-07-08$eKoopman$i34B10$l1$oINS3.1e DE.LUB$p20130309$r2024-10-30 17:33:13$s2024-09-26$w2021-01-12$yBOO
=999  \\$d9143

