=LDR  01168cam a2200277 a 4500
=001  9148
=005  20250121142124.0
=008  880405s1987\\\\gw\g\\\\\b\\\\000\0\ger\\
=020  \\$a3795205026
=040  \\$aOI
=041  \\$ager
=100  \\$aLiebscher, Julia$912406$4aut
=245  14$aDas italienische Kammerduett (ca. 1670-1750)
=260  \\$aTutzing$bSchneider$c1987
=300  \\$a252 pages$bmusic$c24 cm
=490  \\$aMünchner Veröffentlichungen zur Musikgeschichte$v42
=504  \\$aBibliography: p. 243-251.
=648  \0$a17th Century (1601-1700)$1http://www.wikidata.org/entity/Q7016$920923
=648  \0$a18th Century (1701-1800)$1http://www.wikidata.org/entity/Q7015$920899
=650  \0$aDuet$1http://www.wikidata.org/entity/Q109940$92394
=650  \0$aVocal music$1http://www.wikidata.org/entity/Q685884$93319
=650  \0$aMusic history$1http://www.wikidata.org/entity/Q846047$921373
=651  \0$aItaly$1http://www.wikidata.org/entity/Q38$922
=942  \\$cBOO
=952  \\$00$10$2ddc$40$6TOP_IT_5_000000000000000$70$8TOP$99138$aORPH$bORPH$cKTS0$d2020-07-08$eKoopman$i20F23$l0$oTOP IT 5$p20128127$r2021-01-12 00:00:00$w2021-01-12$yBOO$OKoopman
=999  \\$d9148

