=LDR  01163nam a22002651i 4500
=001  9151
=003  OI
=005  20250121142124.0
=008  071023s1954\\\\gw\||||||\\\\|||||\|||||c
=040  \\$bOI
=041  \7$ager
=100  1\$aLiess, Andreas$4aut
=245  10$aJohann Michael Vogl:$bHofoperist und Schubertsanger
=260  \\$aGraz$aCologne$bBöhlau$c1954
=300  \\$a224-16 pages$b7 pages of tables$c21 cm
=600  \0$aVogl, Johann Michael$d1729-1803$1http://www.wikidata.org/entity/Q46995803$927421
=600  \0$aSchubert, Franz$d1797-1828$1http://www.wikidata.org/entity/Q7312$96183
=648  \0$a18th Century (1701-1800)$1http://www.wikidata.org/entity/Q7015$920899
=648  \0$a19th Century (1801-1900)$1http://www.wikidata.org/entity/Q6955$920935
=650  \0$aSinger$1http://www.wikidata.org/entity/Q177220$93915
=650  \0$aCourt$1http://www.wikidata.org/entity/Q1134237$922191
=650  \0$aOpera$1http://www.wikidata.org/entity/Q1344 $92468
=942  \\$cBOO
=952  \\$00$10$2ddc$40$6BIO_VOGL1_D$70$8BIO$99141$aORPH$bORPH$cKTS1_P$d2020-07-08$eKoopman$i23A18$l0$oBIO VOGL1 d$p20128498$r2021-01-12 00:00:00$w2021-01-12$yBOO$OKoopman
=999  \\$d9151

