=LDR  01049aam a2200217   4500
=001  9152
=008  230509s1965\\\\||||||||\||||\00|\0\dut\d
=041  \\$adut
=100  \\$aLievense, Willy$4aut$912412
=245  \\$aDe familie Mozart op bezoek in Nederland:$been reisverslag
=260  \\$aHilversum$bKnuf$c1965
=300  \\$a48 pages$b37 plates
=500  \\$aAccount of Leopold Mozart's stay in the Netherlands with his wife and children from 10 September 1765 to the end of April 1766
=610  \0$1http://www.wikidata.org/entity/Q18574758$aMozart family$922340
=648  \0$1http://www.wikidata.org/entity/Q7015$a18th Century (1701-1800)$920899
=650  \0$1http://www.wikidata.org/entity/Q846047$aMusic history$921373
=650  \0$aTravel$1http://www.wikidata.org/entity/Q61509$94440
=651  \0$1http://www.wikidata.org/entity/Q55$aNetherlands$9173
=942  \\$cBOO
=952  \\$00$10$2ddc$40$6BIO_MOZA0_E$70$8BIO$99142$aORPH$bORPH$cKTS1_P$d2020-07-08$eKoopman$i20C02$l0$oBIO MOZA0 e$p20127944$r2021-01-12 00:00:00$w2021-01-12$yBOO$OKoopman
=999  \\$d9152

