=LDR  01110cam a2200265 a 4500
=001  9156
=005  20251103124736.0
=008  000630s2000\\\\gw\ag\\\\b\\\\010\0\ger\c
=020  \\$a3476016633
=040  \\$aOI
=041  \\$ager
=245  00$aProvokation und Tradition.$bErfahrungen mit der Alten Musik
=260  \\$aStuttgart$bMetzler$c2000
=300  \\$a378 pages$billustrations, music$c24 cm
=490  \\$aMetzler Musik
=504  \\$aIncludes bibliographical references.
=650  \0$aMusical interpretation$1http://www.wikidata.org/entity/Q1668139$94533
=650  \0$aHistorically informed performance$1http://www.wikidata.org/entity/Q1344860$920980
=650  \0$aMusic history$1http://www.wikidata.org/entity/Q846047$921373
=700  \\$aLinde, Hans-Martin$d1930-$1http://www.wikidata.org/entity/Q463671$4aut$912415
=700  \\$aRapp, Regula$4aut$912416
=700  \\$aNeumann, Klaus L.$4aut$927016
=942  \\$cBOO
=952  \\$00$10$2ddc$40$6MTP_2_000000000000000_LIND$70$8MTP$99146$aORPH$bORPH$cKM12_1$d2020-07-08$eKoopman$i22A44$l0$oMTP2 LIND$p20125588$r2021-01-12 00:00:00$w2021-01-12$yBOO
=999  \\$d9156

