=LDR  01226aam a2200241   4500
=001  9157
=008  231201s1993\\\\||||||||\b|||\00|\0\dut\d
=041  \\$adut
=245  \\$aEgodokumenten van Noord-Nederlanders van de Zestiende tot begin negentiende eeuw.$bEen chronologische lijst
=260  \\$aRotterdam$bUniversiteitsdrukkerij Erasmusuniversiteit$c1993
=648  \0$a16th Century (1501-1600)$1http://www.wikidata.org/entity/Q7017$920944
=648  \0$a17th Century (1601-1700)$1http://www.wikidata.org/entity/Q7016$920923
=648  \0$a18th Century (1701-1800)$1http://www.wikidata.org/entity/Q7015$920899
=648  \0$a19th Century (1801-1900)$1http://www.wikidata.org/entity/Q6955$920935
=650  \0$aBibliography$1http://www.wikidata.org/entity/Q134995$93965
=650  \0$aBiography$1http://www.wikidata.org/entity/Q36279$91927
=651  \0$aNetherlands$1http://www.wikidata.org/entity/Q55$9173
=700  \\$aLindeman, R.$4edt$912418
=700  \\$aScherf, Y.$4edt$926782
=700  \\$aDekker, R. M.$4edt$926783
=942  \\$cBOO
=952  \\$00$10$2ddc$40$6BIB_4_000000000000000_NL_4$70$8BIB$99147$aORPH$bORPH$cKTS0$d2020-07-08$eKoopman$i25D33$l0$oBIB4 NL 4$p20129325$r2021-01-12 00:00:00$w2021-01-12$yBOO$OKoopman
=999  \\$d9157

