=LDR  01258aam a2200253   4500
=001  9158
=008  250828s1994\\\\||||||||\b|||\00|\0\dut\d
=020  \\$a9080174424
=041  \\$adut
=245  \\$aReisverslagen van Noord-Nederlanders van de zestiende tot begin negentiende eeuw:$bEen chronologische lijst
=260  \\$aRotterdam$bErasmus Universiteit$c1994
=648  \0$a16th Century (1501-1600)$1http://www.wikidata.org/entity/Q7017$920944
=648  \0$a17th Century (1601-1700)$1http://www.wikidata.org/entity/Q7016$920923
=648  \0$a18th Century (1701-1800)$1http://www.wikidata.org/entity/Q7015$920899
=648  \0$a19th Century (1801-1900)$1http://www.wikidata.org/entity/Q6955$920935
=650  \0$aTravel$1http://www.wikidata.org/entity/Q61509$94440
=650  \0$aDiary$1http://www.wikidata.org/entity/Q185598$921711
=651  \0$aNetherlands$1http://www.wikidata.org/entity/Q55$1http://www.wikidata.org/entity/Q29999$9173
=700  \\$aLindeman, R.$4aut$912418
=700  \\$aScherf, Y.$4aut$926782
=700  \\$aDekker, R. M.$4aut$926783
=942  \\$cBOO
=952  \\$00$10$2ddc$40$6TOP_NL_4_000000000000000$70$8TOP$99148$aORPH$bORPH$cKTS0$d2020-07-08$eKoopman$i28D42$l0$oTOP NL 4$p20123566$r2021-01-12 00:00:00$w2021-01-12$yBOO$OKoopman
=999  \\$d9158

