=LDR  01093cam a2200229 a 4500
=001  9159
=008  990119s1993\\\\gw\ag\\\\b\\\\000\0\eng\d
=041  1\$aeng
=100  \\$aLindley, Mark$d-1937$912419
=245  10$aArs Ludendi:$bEarly German Keyboard Fingerings, c.1525-c.1625=Frühe deutsche Fingersätze für Orgel- und Klavierinstrumente, ca.1525-ca.1625
=260  \\$aNeuhof $bTre Fontane$c1993
=300  \\$a124 pages
=490  \\$aQuellen und Schriften$v2
=504  \\$aIncludes bibliographical references (p. [122-123])
=648  \0$a17th Century (1601-1700)$1http://www.wikidata.org/entity/Q7016$920923
=650  \0$aKeyboard instrument$1http://www.wikidata.org/entity/Q52954$92849
=650  \0$aHistorically informed performance$1http://www.wikidata.org/entity/Q1344860$920980
=650  \0$aFingering$1http://www.wikidata.org/entity/Q608487$921861
=651  \0$aGermany$1http://www.wikidata.org/entity/Q183$9155
=942  \\$cBOO
=952  \\$00$10$2ddc$40$6INS_3C$70$8INS$99149$aORPH$bORPH$cKTS0$d2020-07-08$eKoopman$i38E14$oINS3c$p20120387$r2021-01-12 00:00:00$w2021-01-12$yBOO
=999  \\$d9159

