=LDR  01051    a2200253   4500
=001  9160
=005  20251103124736.0
=008  211029s1992\\\\-ukg||||\||||\00|\0\eng\d
=041  \\$aeng
=245  \\$aEarly Keyboard Fingerings.$bA Comprehensive Guide
=260  \\$c1992$aLondon $bSchott
=300  \\$a98 pages
=336  \\$aprinted
=561  \\$aEx Libris Ton Koopman
=648  \0$a17th Century (1601-1700)$1http://www.wikidata.org/entity/Q7016$920923
=648  \0$a18th Century (1701-1800)$1http://www.wikidata.org/entity/Q7015$920899
=650  \0$aKeyboard music$1http://www.wikidata.org/entity/Q105715630$921412
=650  \0$aFingering$1http://www.wikidata.org/entity/Q608487$921861
=650  \0$aMusical interpretation$1http://www.wikidata.org/entity/Q1668139$94533
=700  \\$4aut$aBoxall, Maria$99849
=700  \\$4aut$aLindley, Mark$d-1937$912419
=942  \\$cBOO
=952  \\$00$10$2ddc$40$6INS_3_000000000000000_2D$70$8INS$99150$aORPH$bORPH$cKTS0$d2020-07-08$eKoopman$i41F12$oINS3.2d$p20120114$r2021-01-12 00:00:00$w2021-01-12$yBOO
=999  \\$d9160

