=LDR  01067aam a2200217   4500
=001  9161
=008  230705s2005\\\\||||||||\||||\00|\0\ger\d
=020  \\$a3854501935
=245  \\$aDie Musikhandschriften des Augustiner-Chorherrenstifts St. Florian:$nTeil 1$pDie weltliche Werke
=260  \\$aVienna$bDer Apfel$c2005
=490  \\$aVeröffentlichungen des RISM-Österreich Reihe A$v2a
=610  \0$1http://www.wikidata.org/entity/Q877136$aAugustinerchorherrenstift Sankt Florian (Austria)$926384
=650  \0$1http://www.wikidata.org/entity/Q44613$aMonastery$926216
=650  \0$1http://www.wikidata.org/entity/Q7075$aLibrary$94229
=650  \0$1http://www.wikidata.org/entity/Q87167$aManuscript$92275
=651  \0$1http://www.wikidata.org/entity/Q640587$aSankt Florian (Austria)$926385
=700  \\$4aut$912421$aLindner, A.
=700  \\$4aut$aJahn, M.$926386
=942  \\$cBOO
=952  \\$00$10$2ddc$40$6BIB_4_000000000000000_AT_SAN$70$8BIB$99151$aORPH$bORPH$cKTS0$d2020-07-08$eKoopman$i45B09$l0$oBIB4 AT.SAN$p20127402$r2021-01-12 00:00:00$w2021-01-12$yBOO$OKoopman
=999  \\$d9161

