=LDR  00751nam a2200193Ia 4500
=001  9163
=008  230131s1966\\\\\\\\\\\\\\\\\\\\\\0\ger
=041  \\$ager
=100  \\$aLippmann, Friedrich$d1932-2019$4edt$1http://www.wikidata.org/entity/Q15454771$912426
=245  \0$aStudien zur italienisch-deutschen Musikgeschichte$nIII
=260  \\$aCologne$bBöhlau$c1966
=300  \\$a132 pages
=490  \\$aAnalecta musicologica$v3
=650  \0$aMusic history$1http://www.wikidata.org/entity/Q846047$921373
=651  \0$aItaly$1http://www.wikidata.org/entity/Q38$922
=651  \0$aGermany$1http://www.wikidata.org/entity/Q183$9155
=942  \\$cBOO
=952  \\$00$10$2ddc$40$6TOP_IT$70$8TOP$99153$aORPH$bORPH$cKTS0$d2020-07-08$eKoopman$oTOP IT$p20129436$yBOO
=999  \\$d9163

