=LDR  00750nam a2200193Ia 4500
=001  9164
=008  230131s1967\\\\\\\\\\\\\\\\\\\\\\0\ger
=041  \\$ager
=100  \\$aLippmann, Friedrich$d1932-2019$4edt$1http://www.wikidata.org/entity/Q15454771$912426
=245  \0$aStudien zur italienisch-deutschen Musikgeschichte$nIV
=260  \\$aCologne$bBöhlau$c1967
=300  \\$a236 pages
=490  \\$aAnalecta musicologica$v4
=650  \0$aMusic history$1http://www.wikidata.org/entity/Q846047$921373
=651  \0$aItaly$1http://www.wikidata.org/entity/Q38$922
=651  \0$aGermany$1http://www.wikidata.org/entity/Q183$9155
=942  \\$cBOO
=952  \\$00$10$2ddc$40$6TOP_IT$70$8TOP$99154$aORPH$bORPH$cKTS0$d2020-07-08$eKoopman$oTOP IT$p20129437$yBOO
=999  \\$d9164

