=LDR  00749nam a2200193Ia 4500
=001  9165
=008  230131s1968\\\\\\\\\\\\\\\\\\\\\\0\ger
=041  \\$ager
=100  \\$aLippmann, Friedrich$d1932-2019$4edt$1http://www.wikidata.org/entity/Q15454771$912426
=245  \0$aStudien zur italienisch-deutschen Musikgeschichte$nV
=260  \\$aCologne$bBöhlau$c1968
=300  \\$a350 pages
=490  \\$aAnalecta musicologica$v5
=650  \0$aMusic history$1http://www.wikidata.org/entity/Q846047$921373
=651  \0$aItaly$1http://www.wikidata.org/entity/Q38$922
=651  \0$aGermany$1http://www.wikidata.org/entity/Q183$9155
=942  \\$cBOO
=952  \\$00$10$2ddc$40$6TOP_IT$70$8TOP$99155$aORPH$bORPH$cKTS0$d2020-07-08$eKoopman$oTOP IT$p20129438$yBOO
=999  \\$d9165

