=LDR  01110cam a22002531  4500
=001  9166
=005  20250120120156.0
=008  780509s1970\\\\gw\g\\\\\b\\\\000\0dger\\
=020  \\$a3412017701
=040  \\$aOI
=041  \\$ager
=100  \\$aWitzenmann, Wolfgang$d1937-$910684$4aut
=245  00$aDomenico Mazzocchi, 1592-1665:$bDokumente und Interpretationen
=260  \\$aCologne$aVienna$bBöhlau$c1970
=300  \\$a282 pages$bmusic$c24 cm
=490  \\$aAnalecta musicologica$v8
=504  \\$a"Verzeichnis der musikalischen Werke Domenico Mazzocchis": p. [219]-244. Bibliography: p. [278]-282.
=600  \0$aMazzocchi, Domenico$d1592-1665$1http://www.wikidata.org/entity/Q926744$912424
=648  \0$a17th Century (1601-1700)$1http://www.wikidata.org/entity/Q7016$920923
=650  \0$aComposer$1http://www.wikidata.org/entity/Q36834$93625
=651  \0$aItaly$1http://www.wikidata.org/entity/Q38$922
=942  \\$cBOO
=952  \\$00$10$2ddc$40$6BIO_MAZZ_A$70$8BIO$99156$aORPH$bORPH$cKTS1_P$d2020-07-08$eKoopman$iTS analecta 8$l0$oBIO MAZZ a$p20129440$r2021-01-12 00:00:00$w2021-01-12$yBOO$OKoopman TS
=999  \\$d9166

