=LDR  00777nam a2200205Ia 4500
=001  9167
=008  230131s1969\\\\\\\\\\\\\\\\\\\\\\0\ger
=020  \\$a3412022691
=041  \\$ager
=100  \\$aLippmann, Friedrich$d1932-2019$4edt$1http://www.wikidata.org/entity/Q15454771$912426
=245  \0$aStudien zur italienisch-deutschen Musikgeschichte$nVI
=260  \\$aCologne$bBöhlau$c1969
=300  \\$a270 pages
=490  \\$aAnalecta musicologica$v7
=650  \0$aMusic history$1http://www.wikidata.org/entity/Q846047$921373
=651  \0$aItaly$1http://www.wikidata.org/entity/Q38$922
=651  \0$aGermany$1http://www.wikidata.org/entity/Q183$9155
=942  \\$cBOO
=952  \\$00$10$2ddc$40$6TOP_IT$70$8TOP$99157$aORPH$bORPH$cKTS0$d2020-07-08$eKoopman$oTOP IT$p20129439$yBOO
=999  \\$d9167

