=LDR  00776nam a2200205Ia 4500
=001  9170
=008  230131s1975\\\\\\\\\\\\\\\\\\\\\\0\ger
=020  \\$a3872520814
=041  \\$ager
=100  \\$aLippmann, Friedrich$d1932-2019$4edt$1http://www.wikidata.org/entity/Q15454771$912426
=245  \0$aStudien zur italienisch-deutschen Musikgeschichte$nX
=260  \\$aCologne$bVolk$c1975
=300  \\$av-426 pages
=490  \\$aAnalecta musicologica$v15
=650  \0$aMusic history$1http://www.wikidata.org/entity/Q846047$921373
=651  \0$aItaly$1http://www.wikidata.org/entity/Q38$922
=651  \0$aGermany$1http://www.wikidata.org/entity/Q183$9155
=942  \\$cBOO
=952  \\$00$10$2ddc$40$6TOP_IT$70$8TOP$99160$aORPH$bORPH$cKTS0$d2020-07-08$eKoopman$oTOP IT$p20129447$yBOO
=999  \\$d9170

