=LDR  00821nam a2200217Ia 4500
=001  9171
=008  230131s1976\\\\\\\\\\\\\\\\\\\\\\0\ger
=020  \\$a3872520997
=041  \\$ager
=100  \\$aLippmann, Friedrich$d1932-2019$4edt$1http://www.wikidata.org/entity/Q15454771$912426
=245  \0$aStudien zur italienisch-deutschen Musikgeschichte$nXI
=260  \\$aCologne$bVolk$c1976
=300  \\$avi-329 pages
=490  \\$aAnalecta musicologica$v17
=650  \0$aMusic history$1http://www.wikidata.org/entity/Q846047$921373
=651  \0$aItaly$1http://www.wikidata.org/entity/Q38$922
=651  \0$aGermany$1http://www.wikidata.org/entity/Q183$9155
=700  \\$aLeopold, Silke$4edt$912377
=942  \\$cBOO
=952  \\$00$10$2ddc$40$6TOP_IT$70$8TOP$99161$aORPH$bORPH$cKTS0$d2020-07-08$eKoopman$oTOP IT$p20129443$yBOO
=999  \\$d9171

