=LDR  01166cam a2200265 i 4500
=001  9172
=005  20250205110319.0
=008  790130s1978\\\\gw\afg\\\b\\\\100\0dger\\
=020  \\$a3872521063
=040  \\$aOI
=041  0\$ager
=100  \\$aLippmann, Friedrich$d1932-2019$4edt$1http://www.wikidata.org/entity/Q15454771$912426
=245  00$aColloquium Mozart und Italien (Rom 1974):$bBericht
=260  \\$aCologne$bVolk$c1978
=300  \\$ax-318 pages, [2] leaves of plates$billustrations, music$c24 cm
=490  \\$aAnalecta musicologica$v18
=504  \\$aIncludes bibliographical references.
=600  \0$aMozart, Wolfgang Amadeus$d1756-1791$1http://www.wikidata.org/entity/Q254$95341
=648  \0$a18th Century (1701-1800)$1http://www.wikidata.org/entity/Q7015$920899
=650  \0$aComposer$1http://www.wikidata.org/entity/Q36834$93625
=650  \0$aTravel$1http://www.wikidata.org/entity/Q61509$94440
=651  \0$aItaly$1http://www.wikidata.org/entity/Q38$922
=942  \\$cBOO
=952  \\$00$10$2ddc$40$6BIO_MOZA1_E$70$8BIO$99162$aORPH$bORPH$cKTS1_P$d2020-07-08$eKoopman$iTS analecta $l0$oBIO MOZA1 e$p20129448$r2021-01-12 00:00:00$w2021-01-12$yBOO
=999  \\$d9172

