=LDR  00821nam a2200217Ia 4500
=001  9174
=008  230131s1984\\\\\\\\\\\\\\\\\\\\\\0\ger
=020  \\$a3890070175
=041  \\$ager
=100  \\$aLippmann, Friedrich$d1932-2019$4edt$1http://www.wikidata.org/entity/Q15454771$912426
=245  \0$aStudien zur italienischen Musikgeschichte$nXIII
=260  \\$aLaaber$bLaaber-Verlag$c1984
=300  \\$aix-495 pages
=490  \\$aAnalecta musicologica$v22
=650  \0$aMusic history$1http://www.wikidata.org/entity/Q846047$921373
=651  \0$aItaly$1http://www.wikidata.org/entity/Q38$922
=700  \\$aHenze-Döhring, Sabine$4edt$925705
=700  \\$aWitzenmann, Wolfgang$910684$4edt$d1937-
=942  \\$cBOO
=952  \\$00$10$2ddc$40$6TOP_IT$70$8TOP$99164$aORPH$bORPH$cKTS0$d2020-07-08$eKoopman$oTOP IT$p20129451$yBOO
=999  \\$d9174

