=LDR  00663nam a2200193Ia 4500
=000  \\\\\cam\a22\\\\\\\\4500
=001  9175
=008  230131s1985\\\\\\\\\\\\\\\\\\\\\\0\ger
=020  \\$a3890070191
=041  \\$ager
=100  \\$aLippmann, Friedrich$d1932-2019$4edt$1http://www.wikidata.org/entity/Q15454771$912426
=245  \0$aStudien zur italienischen Musikgeschichte$nXIV
=260  \\$aLaaber$bLaaber-Verlag$c1985
=300  \\$a204-14 pages
=490  \\$aAnalecta musicologica$v23
=700  \\$aHenze-Döhring, Sabine$4edt$925705
=942  \\$cBOO
=952  \\$00$10$40$6TOP_IT$70$8TOP$99165$aORPH$bORPH$cKTS0$eKoopman$oTOP IT$p20129452$yBOO$d2020-07-08
=999  \\$c9175$d9175

