=LDR  00860nam a2200205Ia 4500
=001  9176
=008  230131s1998\\\\\\\\\\\\\\\\\\\\\\0\ger
=020  \\$a3890073972
=041  \\$ager
=100  \\$aLippmann, Friedrich$d1932-2019$4edt$1http://www.wikidata.org/entity/Q15454771$912426
=245  \0$aStudien zur italienischen Musikgeschichte$nXV
=260  \\$aLaaber$bLaaber-Verlag$c1998
=300  \\$a2 vols. (viii-372+vi-766 pages)
=490  \\$aAnalecta musicologica$v30
=650  \0$aMusic history$1http://www.wikidata.org/entity/Q846047$921373
=651  \0$aItaly$1http://www.wikidata.org/entity/Q38$922
=942  \\$cBOO
=952  \\$00$10$2ddc$3vol. 1$40$6TOP_IT$70$8TOP$99166$aORPH$bORPH$cKTS0$d2020-07-08$eKoopman$oTOP IT$p20129456$yBOO
=952  \\$00$10$2ddc$3vol. 2$40$6TOP_IT$70$8TOP$99167$aORPH$bORPH$cKTS0$d2020-07-08$eKoopman$oTOP IT$p20129457$yBOO
=999  \\$d9176

