=LDR  01205cam a2200253 a 4500
=001  9178
=005  20250121142124.0
=008  830106s1982\\\\gw\fag\\\b\\\\100\0\ger\\
=020  \\$a3921518660
=040  \\$aOI
=041  0\$ager
=100  \\$4edt$aLippmann, Friedrich$d1932-2019$1http://www.wikidata.org/entity/Q15454771$912426
=245  00$aColloquium "Die Stilistische Entwicklung der Italienischen Musik zwischen 1770 und 1830 und Ihre Beziehungen zum Norden" (Rom 1978):$bBericht
=260  \\$aLaaber$bLaaber-Verlag$c1982
=300  \\$aviii-461 pages, [10] pages of plates $billustrations, music$c24 cm
=490  \\$aAnalecta musicologica$v21
=504  \\$aIncludes bibliographical references.
=648  \0$a18th Century (1701-1800)$1http://www.wikidata.org/entity/Q7015$920899
=648  \0$a19th Century (1801-1900)$1http://www.wikidata.org/entity/Q6955$920935
=650  \0$aMusic history$1http://www.wikidata.org/entity/Q846047$921373
=651  \0$aItaly$1http://www.wikidata.org/entity/Q38$922
=942  \\$cBOO
=952  \\$00$10$2ddc$40$6TOP_IT_5_000000000000000$70$8TOP$99168$aORPH$bORPH$cKTS0$d2020-07-08$eKoopman$l0$oTOP IT 5$p20129450$r2021-01-12 00:00:00$w2021-01-12$yBOO$OKoopman TS
=999  \\$d9178

