=LDR  00954cam a2200217 a 4500
=001  9179
=008  980120s1997\\\\gw\a\\\\\b\\\\001\0dger\d
=041  \\$ager
=100  \\$aLipski, Thomas$d-1956$912427$4aut
=245  10$aHans Henny Jahnns. Einfluss auf den Orgelbau 
=260  \\$aHildesheim $aNew York $bG. Olms$c1997
=300  \\$axi, 283 pages$bill. $c21 cm
=490  \\$aStudien und Materialien zur Musikwissenschaft$vBd. 13
=504  \\$aIncludes bibliographical references and indexes.
=600  \0$aJahnn, Hans Henny$d1894-1959$912428
=650  \0$aOrgan$1http://www.wikidata.org/entity/Q1444$92810
=650  \0$aOrganology$1http://www.wikidata.org/entity/Q899293$921400
=651  \0$aGermany$1http://www.wikidata.org/entity/Q183$9155
=942  \\$cBOO
=952  \\$00$10$2ddc$40$6INS_3_000000000000000_1B_JAHN$70$8INS$99169$aORPH$bORPH$cKTS0$d2020-07-08$eKoopman$i47E06$l0$oINS3.1b JAHN$p20123661$r2021-01-12 00:00:00$w2021-01-12$yBOO$OKoopman
=999  \\$d9179

