=LDR  01766cam a22003014a 4500
=001  9180
=005  20250708140028.0
=008  081217s2009\\\\enkabg\\\b\\\\001\0beng\\
=015  \\$aGBA962904$2bnb
=016  7\$a015297830$2Uk
=020  \\$a9780195372403
=020  \\$a0195372409
=040  \\$aOI
=100  \\$aLister, Warwick$d1940-$912429
=245  10$aAmico :$bthe life of Giovanni Battista Viotti /$cWarwick Lister.
=260  \\$aOxford ;$aNew York :$bOxford University Press,$c2009.
=300  \\$axvi, 522 p. :$bill., maps, music ;$c25 cm.
=504  \\$aIncludes bibliographical references (p. 489-507), and indexes.
=505  0\$aFontanetto and Turin, 1755-79 -- Grand tour, 1780-81 -- Paris, 1782-92 : performer, composer, teacher -- Paris, 1789-92 : entrepreneur -- Viotti's achievement thus far -- London, 1792-98, and exile, 1798-ca. 1800 -- Gillwell, Paris, Oxford, London, ca. 1800-1812 -- London and the continent, 1812-19 -- Paris and the opéra, 1819-21 -- Last years, death, and aftermath -- Viotti's achievement and legacy.
=600  \0$aViotti, Giovanni Battista$d1755-1824$1http://www.wikidata.org/entity/Q313188$912430
=650  \0$aComposer$1http://www.wikidata.org/entity/Q36834$93625
=650  \0$aViolinist$1http://www.wikidata.org/entity/Q1259917$93278
=856  \\$uhttp://www.loc.gov/catdir/enhancements/fy1005/2008054692-b.html$3Contributor biographical information
=856  \\$uhttp://www.loc.gov/catdir/enhancements/fy1005/2008054692-d.html$3Publisher description
=942  \\$cBOO
=952  \\$00$10$2ddc$40$6BIO_VIOT_D$70$8BIO$99170$aORPH$bORPH$cKTS1_P$d2020-07-08$eKoopman$i42A27$l0$oBIO VIOT d$p20122126$r2021-01-12 00:00:00$w2021-01-12$yBOO$OKoopman
=999  \\$c9180$d9180
=651  \0$aItaly$1http://www.wikidata.org/entity/Q38$922

