=LDR  01460ccm a2200301 a 4500
=001  9182
=005  20250516113654.0
=008  020429s2002\\\\sp\opa\\\dehi\\\\\\\spa\\
=020  \\$a848048361X
=040  \\$aOI
=041  0\$aspa$bspaeng
=100  \\$aLliteres, Antoni$d1673-1747$4cmp$1http://www.wikidata.org/entity/Q606020$912432
=245  10$aAcis y Galatea.$bZarzuela en dos jornadas
=260  \\$aMadrid$bInstituto Complutense de Ciencias Musicales$c2002
=300  \\$ali-209 pages$c30 cm
=490  1\$aMúsica hispana. Serie A, Música lírica$v37
=590  \\$aAntonio Literes ; libreto de José de Cañizares ; introducción y edición crítica a cargo de Luis Antonio González Marín.
=600  \0$aAcis$1http://www.wikidata.org/entity/Q419156$912433
=600  \0$aGalatea$1http://www.wikidata.org/entity/Q241070$922428
=648  \0$a18th Century (1701-1800)$1http://www.wikidata.org/entity/Q7015$920899
=650  \0$aZarzuela$1http://www.wikidata.org/entity/Q148163$93170
=650  \0$aMythology$1http://www.wikidata.org/entity/Q9134$921600
=651  \0$aSpain$1http://www.wikidata.org/entity/Q29$920983
=700  \\$4lbt$aCañizares, José de$d1676-1750$1http://www.wikidata.org/entity/Q4212780$912434
=700  \\$aGonzález Marín, Luis Antonio$4edt$912435
=942  \\$cSCO
=952  \\$00$10$2ddc$40$6SCO_LLI$70$8SCO$99172$aORPH$bORPH$cKTS1_P$d2020-07-08$eKoopman$iWG.2203$oSCO LLI$p20124284$r2021-01-12 00:00:00$w2021-01-12$ySCO
=999  \\$d9182

