=LDR  01102aam a2200229   4500
=001  9183
=008  211115s1992\\\\\\\|||||\||||\00|\0\dut\d
=041  \\$adut
=100  \\$aLitsenburg, J. H. van$4aut$912436
=245  \\$aRestauratie van de Orgelluiken van Gerard de Lairesse in de Westerkerk te Amsterdam
=260  \\$aAmsterdam$bvan Rossen$c1992
=300  \\$a31 pages
=600  \0$aLairesse, Gérard de$d1640-1711$1http://www.wikidata.org/entity/Q533958$922831
=610  \0$aWesterkerk (Amsterdam, Netherlands)$1http://www.wikidata.org/entity/Q1130722$922832
=648  \0$a17th Century (1601-1700)$1http://www.wikidata.org/entity/Q7016$920923
=650  \0$aOrgan shutter$922815
=650  \0$aOrgan$1http://www.wikidata.org/entity/Q1444$92810
=650  \0$aOrganology$1http://www.wikidata.org/entity/Q899293$921400
=651  \0$aAmsterdam (Netherlands)$1http://www.wikidata.org/entity/Q727$9135
=942  \\$cBOO
=952  \\$00$10$2ddc$40$6INS_3_000000000000000_1E_NL_AMS$70$8INS$99173$aORPH$bORPH$cKTS0$d2020-07-08$eKoopman$i25E14$oINS3.1e NL.AMS$p20129359$r2021-01-12 00:00:00$w2021-01-12$yBOO
=999  \\$d9183

