=LDR  01318cam a2200289 a 4500
=001  9184
=005  20251003085457.0
=008  840913s1983\\\\gw\afg\\\bc\\\000\0\ger\\
=020  \\$a3795204062
=040  \\$aOI
=041  \\$ager
=100  \\$aLittger, Klaus Walter$4edt$912439
=245  00$aJohann Anton Fils (1733-1760):$bein Eichstätter Komponist der Mannheimer Klassik. Ausstellung zum 250. Geburtstag
=260  \\$aTutzing$bSchneider$c1983
=300  \\$a99 pages, [8] pages of plates$billustrations, music$c24 cm
=490  \\$aSchriften der Universitätsbibliothek Eichstätt$v2
=504  \\$aDiscography: p. 53.
=504  \\$aBibliography: p. 47-52.
=600  \0$aFils, Johann Anton$d1733-1760$1http://www.wikidata.org/entity/Q63908$912437
=648  \0$a18th Century (1701-1800)$1http://www.wikidata.org/entity/Q7015$920899
=650  \0$aComposer$1http://www.wikidata.org/entity/Q36834$93625
=650  \0$aCatalogue$1http://www.wikidata.org/entity/Q2352616$921484
=651  \0$aEichstätt (Germany)$1http://www.wikidata.org/entity/Q252772$926679
=710  \\$aUniversitätsbibliothek Eichstätt (Germany)$91449
=942  \\$cBOO
=952  \\$00$10$2ddc$40$6BIO_FILS_E$70$8BIO$99174$aORPH$bORPH$cKTS1_P$d2020-07-08$eKoopman$i25A26$oBIO FILS e$p20129144$r2021-01-12 00:00:00$w2021-01-12$yBOO$OKoopman
=999  \\$d9184

