=LDR  00865aam a2200205   4500
=001  9185
=005  20251023165109.0
=008  211116s1957\\\\\\\oaf||\||||\001\0\ita\d
=041  \\$aita
=100  \\$aLiverani, Giuseppe$4aut$912440
=245  \\$aLa maiolica italiana:$bsino alla comparsa della porcellana europea
=260  \\$aMilan$bElecta$c1957
=300  \\$a264-[4] pages
=648  \0$aRenaissance (1400-1600)$1http://www.wikidata.org/entity/Q4692$920965
=648  \0$a17th Century (1601-1700)$1http://www.wikidata.org/entity/Q7016$920923
=650  \0$aApplied arts$1http://www.wikidata.org/entity/Q2865882$921627
=651  \0$aItaly$1http://www.wikidata.org/entity/Q38$922
=942  \\$cBOO
=952  \\$00$10$2ddc$40$6TOP_IT_4_000000000000000$70$8TOP$99175$aORPH$bORPH$cKTS0$d2020-07-08$eKoopman$i18A26$oTOP IT.4$p20127018$r2021-01-12 00:00:00$w2021-01-12$yBOO
=999  \\$d9185

