=LDR  00391    a2200121   4500
=001  9186
=020  \\$a9781902163871
=100  \\$aLloyd, C.$912441
=245  \\$aGeorge III & Queen Charlotte
=260  \\$c2004
=942  \\$cBOO
=952  \\$00$10$2ddc$40$6BIO_GEOR_D$70$8BIO$99176$aORPH$bORPH$cKTS1_P$d2020-07-08$eKoopman$i47B02$oBIO GEOR d$p20121512$r2021-01-12 00:00:00$w2021-01-12$yBOO$OKoopman
=999  \\$c9186$d9186

