=LDR  00999acm a2200229   4500
=001  9195
=005  20251027164132.0
=008  251027t19861976|||||a||\||||\00|\0\eng\d
=020  \\$a0852493975
=041  \\$aeng
=100  \\$aLocke, Matthew$d1621-1677$4cmp$1http://www.wikidata.org/entity/Q947941$912448
=245  \\$aAnthems and Motets
=260  \\$c1976$aLondon$bStainer and Bell
=300  \\$axxii-[v]-158 pages
=490  \\$aMusica Britannica: A National Collection of Music$vXXXVIII
=648  \0$a17th Century (1601-1700)$1http://www.wikidata.org/entity/Q7016$920923
=650  \0$aAnthem$1http://www.wikidata.org/entity/Q541947$92161
=650  \0$aMotet$1http://www.wikidata.org/entity/Q188285$92028
=700  \\$aLe Huray, Peter$1http://www.wikidata.org/entity/Q59628096$4trc$4edt$911766
=942  \\$cSCO
=952  \\$00$10$2ddc$40$6SCO_LOCK1$70$8SCO$99185$aORPH$bORPH$cKTS1_P$d2020-07-08$eKoopman$iW992$l0$oSCO LOCK1$p20121623$r2021-01-12 00:00:00$w2021-01-12$ySCO$OW.0992-XXXVIII (dubb)
=999  \\$d9195

