=LDR  00993nam a2200253 p 4500
=001  9198
=005  20250613102528.0
=008  800325s1979\\\\ne\a\\\\\\\\\\001\0\dut\\
=015  \\$aNe79-50
=020  \\$a9060196600 :$cfl 49.50
=040  \\$aOI
=041  \\$adut
=100  \\$aLodewick, H. J. M. F.$912454
=245  10$aIk probeer mijn pen ...$batlas van de Nederlandse letterkunde
=260  \\$aAmsterdam$bBert Bakker$c1979
=300  \\$a272 pages$bwith illustrations (some color)$c33 cm
=650  \0$aLiterature$1http://www.wikidata.org/entity/Q8242$94439
=651  \0$aNetherlands$1http://www.wikidata.org/entity/Q55$9173
=700  \\$aLodewick, H. J. M. F.$1http://www.wikidata.org/entity/Q2054266$912454$4aut
=700  \\$aMoor, W. A. M. de$912452$4aut
=700  \\$aNieuwenhuijzen, Kees$912991$4aut
=942  \\$cBOO
=952  \\$00$10$2ddc$40$6TOP_NL$70$8TOP$99188$aORPH$bORPH$cKTS0$d2020-07-08$eKoopman$i35F16$l0$oTOP NL$p20120676$r2021-01-12 00:00:00$w2021-01-12$yBOO$OKoopman
=999  \\$d9198

