=LDR  00350    a2200109   4500
=001  9200
=100  \\$aLodewick, H. J. M. F.$912454
=245  \\$aLiteratuur
=260  \\$c1964
=942  \\$cBOO
=952  \\$00$10$2ddc$40$6LIT_LODE_A$70$8LIT$99190$aORPH$bORPH$cKM12_2_H$d2020-07-08$eKoopman$i40E26-2$oLIT LODE a$p20120246$r2021-01-12 00:00:00$w2021-01-12$yBOO
=999  \\$c9200$d9200

