=LDR  01038aam a2200205   4500
=001  9201
=008  250331s1968\\\\||||||||\||||\00|\0dger\d
=041  \\$ager
=100  \\$aLoewenfeld, H.$912455$4aut
=245  \\$aLeonhard Kleber und sein Orgeltablaturbuch als Beitrag zur Geschichte der Orgelmusik im beginnenden XVI.Jahrhundert
=260  \\$aHilversum$bKnuf$c1968
=490  \\$aBibliotheca Organologica. Facsimiles of rare books on organs and organ-building$vXIX
=600  10$aKleber, Leonhard$dc. 1495-1556$1http://www.wikidata.org/entity/Q325303$940012
=648  \0$a16th Century (1501-1600)$1http://www.wikidata.org/entity/Q7017$920944
=650  \0$aOrgan music$1http://www.wikidata.org/entity/Q116958279$91951
=650  \0$aTablature$1http://www.wikidata.org/entity/Q143217$93722
=651  \0$aGermany$1http://www.wikidata.org/entity/Q183$9155
=942  \\$cBOO
=952  \\$00$10$2ddc$40$6BIO_KLEB_E$70$8BIO$99191$aORPH$bORPH$cKTS1_P$d2020-07-08$eKoopman$i22C43$oBIO KLEB e$p20125685$r2021-01-12 00:00:00$w2021-01-12$yBOO$OKoopman
=999  \\$d9201

