=LDR  01468    a2200301   4500
=001  9202
=003  OSt
=005  20250925143258.0
=008  250602s1973\\\\||||||||\||||\00|\0\dut\d
=020  \\$a0670747017
=040  \\$cST
=041  \\$aeng
=100  \\$aLoft, A.$4aut$912456
=245  \\$aViolin and Keyboard: $bThe Duo Repertoire
=260  \\$aNew York, NY$bGrossman$c1973
=300  \\$a360 pages
=648  \0$a17th Century (1601-1700)$1http://www.wikidata.org/entity/Q7016$920923
=648  \0$a18th Century (1701-1800)$1http://www.wikidata.org/entity/Q7015$920899
=648  \0$a19th Century (1801-1900)$1http://www.wikidata.org/entity/Q6955$920935
=648  \0$a20th Century (1901-2000)$1http://www.wikidata.org/entity/Q6927$920936
=650  \0$aViolin$1http://www.wikidata.org/entity/Q8355$92783
=650  \0$aKeyboard$1http://www.wikidata.org/entity/Q901207$923503
=650  \0$aDuet$1http://www.wikidata.org/entity/Q109940$92394
=650  \0$aMusic history$1http://www.wikidata.org/entity/Q846047$921373
=942  \\$cBOO
=952  \\$00$10$2ddc$3vol. 1: From the Seventeenth Century to Mozart$40$6GEN_12_000000000000000$70$8GEN$99192$aORPH$bORPH$cKM12_1$d2020-07-08$eKoopman$i20F29$oGEN12$p20128121$r2021-01-12 00:00:00$w2021-01-12$yBOO
=952  \\$00$10$2ddc$3vol. 2: From Beethoven to the Present$40$6GEN_12_000000000000000$70$8GEN$99193$aORPH$bORPH$cKM12_1$d2020-07-08$eKoopman$i20F30$oGEN12$p20128120$r2021-01-12 00:00:00$w2021-01-12$yBOO
=999  \\$d9202

