=LDR  01088aam a2200217   4500
=001  9204
=005  20251027143554.0
=008  210910s1975\\\\|||acf||\b|||\001\0\ita\d
=041  \\$aita
=100  \\$aLogu, Giuseppe de$4aut$912457
=245  \\$aIl ritratto nella pittura italiana.$bVol.1: Da Giotto a Raffaello - Vol.2: Dal Beato Angelico a Modigliani
=260  \\$aBergamo$bIstituto italiano d'arti grafiche$c1975
=300  \\$a2 vols. (236+293 pages)
=650  \0$aFine art$1http://www.wikidata.org/entity/Q219625$921579
=650  \0$aPortrait$1http://www.wikidata.org/entity/Q134307$92622
=651  \0$aItaly$1http://www.wikidata.org/entity/Q38$922
=700  \\$aMarinelli, Guido$4aut$941668
=942  \\$cBOO
=952  \\$00$10$2ddc$3vol. 1: Da Giotto a Raffaello$40$6TOP_IT$70$8TOP$99194$aORPH$bORPH$cKTS0$d2020-07-08$eKoopman$i25F03$oTOP IT$p20129396$r2021-01-12 00:00:00$w2021-01-12$yBOO
=952  \\$00$10$2ddc$3vol. 2: Dal Beato Angelico a Modigliani$40$6TOP_IT$70$8TOP$99195$aORPH$bORPH$cKTS0$d2020-07-08$eKoopman$i25F03$oTOP IT$p20129395$r2021-01-12 00:00:00$w2021-01-12$yBOO
=999  \\$d9204

