=LDR  01333cam a2200325 a 4500
=001  9206
=005  20250121142124.0
=008  821214s1982\\\\gw\g\\\\\b\\\\001\0\ger\\
=020  \\$a3764922575
=041  \\$ager
=100  \\$aLohmann, Ludger$4aut$922626
=245  10$aStudien zu Artikulationsproblemen bei den Tasteninstrumenten des 16.-18. Jahrhunderts
=260  \\$aRegensburg $bG. Bosse$c1982
=300  \\$a390 pages
=336  \\$aprinted
=490  \\$aKölner Beiträge zur Musikforschung$vBd. 125
=500  \\$aIncludes index.
=504  \\$a"Quellenverzeichnis": p. 367-381.
=504  \\$aBibliography: p. 382-385.
=561  \\$aEx Libris Ton Koopman
=648  \0$a17th Century (1601-1700)$1http://www.wikidata.org/entity/Q7016$920923
=648  \0$a18th Century (1701-1800)$1http://www.wikidata.org/entity/Q7015$920899
=650  \0$aKeyboard instrument music$y16th century
=650  \0$aKeyboard instrument music$y18th century
=650  \0$aHistorically informed performance$1http://www.wikidata.org/entity/Q1344860$920980
=650  \0$aPerformance practice (Music)
=650  \0$aMusic history$1http://www.wikidata.org/entity/Q846047$921373
=942  \\$cBOO
=952  \\$00$10$2ddc$40$6INS_3A$70$8INS$99196$aORPH$bORPH$cKTS0$d2020-07-08$eKoopman$i21B16$oINS3a$p20128365$r2021-01-12 00:00:00$w2021-01-12$yBOO
=999  \\$d9206

