=LDR  01354cam a2200253 a 4500
=001  9207
=008  910919s1988\\\\sp\agh\\\b\\\f001\0bspa\|
=041  \\$aspa
=100  \\$aLolo, Begoña$4aut$912458
=245  13$aLa música en la Real Capilla de Madrid:$bJosé de Torres y Martínez Bravo (h. 1670-1738)
=260  \\$aMadrid$bEdiciones de la Universidad Autónoma de Madrid$bDistribuye, Editorial "Siglo XXI"$c1988
=300  \\$a300 pages$billustrations$c24 cm
=490  1\$aColección de estudios$v32
=504  \\$aIncludes bibliographical references (p. 285-291) and index.
=600  \0$aTorres, José de$d1665-1738$1http://www.wikidata.org/entity/Q6294322$912460
=610  \0$aCapilla Real de Madrid (Spain)$1http://www.wikidata.org/entity/Q5748261$91451
=648  \0$a17th Century (1601-1700)$1http://www.wikidata.org/entity/Q7016$920923
=648  \0$a18th Century (1701-1800)$1http://www.wikidata.org/entity/Q7015$920899
=650  \0$aComposer$1http://www.wikidata.org/entity/Q36834$93625
=650  \0$aBiography$1http://www.wikidata.org/entity/Q36279$91927
=651  \0$aMadrid (Spain)$1http://www.wikidata.org/entity/Q2807$924677
=942  \\$cBOO
=952  \\$00$10$2ddc$40$6TOP_ES_MAD_5_000000000000000$70$8TOP$99197$aORPH$bORPH$cKTS0$d2020-07-08$eKoopman$i33C08$l0$oTOP ES.MAD 5$p20123017$r2021-01-12 00:00:00$w2021-01-12$yBOO$OKoopman
=999  \\$d9207

