=LDR  01029aab a2200229   4500
=001  9208
=008  240506s2011\\\\||||||||\c|||\00|\0\ita\d
=020  \\$a9788870967135
=022  \\$a03946282
=041  \\$aita
=100  \\$aLombardi, S.$912461$4aut
=245  \\$aI codici musicali di Santa Felicita a Firenze
=260  \\$aLucca$bLIM$c2011
=500  \\$aOffprint from Rivista Internazionale di Musica Sacra, Nuova Serie, XXXII, 85-124
=610  \0$aChiesa di Santa Felicita (Florence)$1http://www.wikidata.org/entity/Q1069665$924490
=650  \0$aManuscript$1http://www.wikidata.org/entity/Q87167$92275
=650  \0$aLibrary$1http://www.wikidata.org/entity/Q7075$94229
=650  \0$aChurch music$1http://www.wikidata.org/entity/Q8812109$92283
=651  \0$aFlorence (Italy)$1http://www.wikidata.org/entity/Q2044$9248
=942  \\$cART
=952  \\$00$10$2ddc$40$6BIB_4_000000000000000_IT_FLO$70$8BIB$99198$aORPH$bORPH$cKTS0$d2020-07-08$eKoopman$i43C13$l0$oBIB4 IT.FLO$p20127195$r2021-01-12 00:00:00$w2021-01-12$yART$OKoopman
=999  \\$d9208

