=LDR  00946    a2200193   4500
=001  9209
=008  220705s2013\\\\it\f||||\||||\00|\0\ita\d
=041  \\$aita
=100  \\$aLombardi, S.$4aut$912461
=245  \\$aL'organo attributo a Giovan Battista Contini nella Chiesa Granducale di S. Felicita a Firenze (1583-1585)
=260  \\$c2013$aGuastalla$bGiuseppe Serasi Foundation
=500  \\$aPhotocopied article fromArte Organaria Italiana
=610  \0$aChiesa di Santa Felicita (Florence)$1http://www.wikidata.org/entity/Q1069665$924490
=650  \0$aOrgan$1http://www.wikidata.org/entity/Q1444$92810
=650  \0$aOrganology$1http://www.wikidata.org/entity/Q899293$921400
=651  \0$aFlorence (Italy)$1http://www.wikidata.org/entity/Q2044$9248
=942  \\$cBOO
=952  \\$00$10$2ddc$40$6INS_3_000000000000000_1E_IT_FLO$70$8INS$99199$aORPH$bORPH$cKTS0$d2020-07-08$eKoopman$i24G33$oINS3.1e IT.FLO$p20120018$r2021-01-12 00:00:00$w2021-01-12$yBOO
=999  \\$d9209

