=LDR  01228aam a2200253   4500
=001  9211
=005  20251003085457.0
=008  230329s1999\\\\||||||||\c|||\00|\0\eng\d
=020  \\$a9185172073
=022  \\$a00772518
=041  \\$aeng
=100  1\$aLomnäs, Bonnie$d1944-$4edt$1http://www.wikidata.org/entity/Q112364848$912462
=245  \\$aStiftelsen Musikkulturens främjande (Nydahl Collection):$bCatalogue of Letters and other Documents
=260  \\$aStockholm$bStatens musikbibliotek$c1999
=490  \\$aMusic in Sweden. Documents and bibliographies, publications issued by the Documentation Dept. of the Library of the Swedish Academy of Music$v11
=610  \0$925970$aNydahl Collection (Stockholm, Sweden)
=650  \0$aCorrespondence$1http://www.wikidata.org/entity/Q1784733$921392
=650  \0$aCatalogue$1http://www.wikidata.org/entity/Q2352616$921484
=651  \0$aStockholm (Sweden)$1http://www.wikidata.org/entity/Q1754$924507
=700  \\$4edt$925971$aLönn, A.
=700  \\$4edt$925972$aHeintz, V.
=942  \\$cBOO
=952  \\$00$10$2ddc$40$6BIB_4_000000000000000_SE_STO$70$8BIB$99201$aORPH$bORPH$cKTS0$d2020-07-08$eKoopman$i38C11$l0$oBIB4 SE.STO$p20120438$r2021-01-12 00:00:00$w2021-01-12$yBOO$OKoopman
=999  \\$d9211

