=LDR  00339    a2200109   4500
=001  9212
=100  \\$aLongos$912463
=245  \\$aDafnis en Chloë
=260  \\$c1962
=942  \\$cBOO
=952  \\$00$10$2ddc$40$6LIT_LONG_A$70$8LIT$99202$aORPH$bORPH$cKM12_2_H$d2020-07-08$eKoopman$i40F12$oLIT LONG a$p20120240$r2021-01-12 00:00:00$w2021-01-12$yBOO
=999  \\$c9212$d9212

