=LDR  00356    a2200109   4500
=001  9218
=100  \\$aVega, Lope de$d1562-1635$98045
=245  \\$aLas Burlas Veras
=260  \\$c1912
=942  \\$cBOO
=952  \\$00$10$2ddc$40$6LIT_LOPE_A$70$8LIT$99208$aORPH$bORPH$cKM12_2_H$d2020-07-08$eKoopman$i38C37$oLIT LOPE a$p20120413$r2021-01-12 00:00:00$w2021-01-12$yBOO
=999  \\$c9218$d9218

