=LDR  00905cam a2200265 p 4500
=001  9219
=005  20250120120140.0
=008  770404s1977\\\\ne\a\\\\\b\\\\001\0\dut\\
=020  \\$a9025709354 :$cfl 45.00
=040  \\$aOI
=041  \\$adut
=245  10$aHofjes in Nederland
=260  \\$aHaarlem$bGottmer$c1977
=300  \\$a160 pages$bill.$c29 cm
=504  \\$aBibliography: p. 158-159.
=650  \0$aCourt$922191
=650  \0$aArchitecture$1http://www.wikidata.org/entity/Q12271$93185
=651  \0$aNetherlands$1http://www.wikidata.org/entity/Q55$9173
=700  \\$aLopes Cardozo, Robert$4aut$912469
=700  \\$aSpruit, Ruud$4aut$912470
=700  \\$aSuyderhoud, Frank$4aut$912471
=700  \\$aWeerheijm, Tom$4pht$912472
=942  \\$cBOO
=952  \\$00$10$2ddc$40$6TOP_NL$70$8TOP$99209$aORPH$bORPH$cKTS0$d2020-07-08$eKoopman$i45G14$oTOP NL$p20127552$r2021-01-12 00:00:00$w2021-01-12$yBOO
=999  \\$d9219

