=LDR  01293cam a2200265 a 4500
=001  9221
=005  20250416172830.0
=008  930415s1988\\\\sp\a\\\\\b\\\\000\0\spa\\
=020  \\$a8440424140 
=040  \\$aOI
=041  \\$aspa
=100  \\$aLópez-Calo, José$4aut$912477
=245  13$aLa música en la Catedral de Segovia,$nvol. II :$pCatalogo del archivo de musica
=260  \\$aSegovia$bDiputación Provincial de Segovia$c1989
=300  \\$a483 pages$bmusic$c25 cm
=504  \\$aIncludes bibliographical references and index.
=505  0\$avol. 1. Catálogo del archivo de música (I) -- vol. 2. Catálogo del archivo de música (II).
=610  \0$aCatedral de Santa María de Segovia (Spain)$xCatalogs.$1http://www.wikidata.org/entity/Q1499912$925227
=650  \0$aMusic history$1http://www.wikidata.org/entity/Q846047$921373
=650  \0$aChurch music$1http://www.wikidata.org/entity/Q8812109$92283
=650  \0$aCatholicism$1http://www.wikidata.org/entity/Q1841$921631
=651  \0$aSegovia (Spain)$1http://www.wikidata.org/entity/Q15684$925228
=942  \\$cBOO
=952  \\$00$10$2ddc$3vol. II: Catalogo del archivo de musica$40$6BIB_ES_SEG$70$8BIB$99211$aORPH$bORPH$cKTS0$d2020-07-08$eKoopman$i38B03$l0$oBIB ES.SEG$p20120476$r2021-01-12 00:00:00$w2021-01-12$yBOO$OKoopman
=999  \\$d9221

