=LDR  02269cam a2200325 a 4500
=001  9222
=005  20251003085457.0
=008  960924s1996\\\\sp\\\\\\\c\\\\001\0\spa\\
=041  \\$aspa
=100  \\$aLópez-Calo, José$4aut$912477
=245  13$aLa música en la Catedral de Burgos.$nVol.III-VI: Documentario musical.$pActas capitulares (I) 1392-1600 - (II) 1601-1628 - (III) 1629-1705 - (IV) 1706-1776
=260  \\$aBurgos$bCaja de Ahorros del Círculo Católico$c1995
=300  \\$a4 vols. (411+404+420+411 pages)
=490  1\$aCatalogación de los archivos de la Catedral de Burgos. Serie II, Documentario de musica$v1-3
=610  \0$aCatedral de Burgos (Spain)$xCatalogs.$1http://www.wikidata.org/entity/Q744420$91452
=648  \0$aMiddle Ages (500-1400)$1http://www.wikidata.org/entity/Q12554$920964
=648  \0$aRenaissance (1400-1600)$1http://www.wikidata.org/entity/Q4692$920965
=648  \0$a17th Century (1601-1700)$1http://www.wikidata.org/entity/Q7016$920923
=650  \0$aManuscript$1http://www.wikidata.org/entity/Q87167$92275
=650  \0$aVocal music$1http://www.wikidata.org/entity/Q685884$93319
=650  \0$aChurch music$1http://www.wikidata.org/entity/Q8812109$92283
=650  \0$aCatalogue$1http://www.wikidata.org/entity/Q2352616$921484
=650  \0$aMusic history$1http://www.wikidata.org/entity/Q846047$921373
=651  \0$aBurgos (Spain)$1http://www.wikidata.org/entity/Q9580$926471
=942  \\$cBOO
=952  \\$00$10$2ddc$3Documentario musical (I) 1392-1600$40$6TOP_ES_BUR$70$8TOP$99212$aORPH$bORPH$cKTS0$d2020-07-08$eKoopman$i38B15-1$oTOP ES.BUR$p20120463$r2021-01-12 00:00:00$w2021-01-12$yBOO$OKoopman
=952  \\$00$10$2ddc$3Documentario musical (II) 1601-1628$40$6TOP_ES_BUR$70$8TOP$99213$aORPH$bORPH$cKTS0$d2020-07-08$eKoopman$i38B15-2$oTOP ES.BUR$p20120462$r2021-01-12 00:00:00$w2021-01-12$yBOO$OKoopman
=952  \\$00$10$2ddc$3Documentario musical (III) 1629-1705$40$6TOP_ES_BUR$70$8TOP$99214$aORPH$bORPH$cKTS0$d2020-07-08$eKoopman$i38B15-3$oTOP ES.BUR$p20120461$r2021-01-12 00:00:00$w2021-01-12$yBOO$OKoopman
=952  \\$00$10$2ddc$3Documentario musical (IV) 1706-1776$40$6TOP_ES_BUR$70$8TOP$926689$aORPH$bORPH$cKTS0$d2020-07-08$eKoopman$i38B15-4$l0$oTOP ES.BUR$p20120460$r2025-05-19 10:27:17$w2021-01-12$yBOO
=999  \\$d9222

