=LDR  01236aam a2200241   4500
=001  9226
=005  20251003085457.0
=008  211016s1991\\\\\\\g||||\c|||\00|\0\spa\d
=020  \\$a848776908X
=041  \\$aspa
=100  \\$aLópez-Calo, José$4aut$912477
=245  \\$aCatalogo del archivo de musica de la Catedral de Granada, $nvols. 1-2/3
=260  \\$aGranada$bCentro de Documentación Musical$c1991
=300  \\$a2 vols. (613 pages)
=490  \\$aLa musica en las catedrales Andaluzas$v1
=610  \0$aIglesia Catedral de la Anunciación (Granada, Spain)$1http://www.wikidata.org/entity/Q5419362$922526
=650  \0$aChurch music$1http://www.wikidata.org/entity/Q8812109$92283
=650  \0$aCatalogue$1http://www.wikidata.org/entity/Q2352616$921484
=651  \0$aGranada (Spain)$1http://www.wikidata.org/entity/Q8810$926814
=942  \\$cBOO
=952  \\$00$10$2ddc$3Tomo I$40$6BIB_4_000000000000000_ES_GRA$70$8BIB$99216$aORPH$bORPH$cKTS0$d2020-07-08$eKoopman$i18D62$oBIB4 ES.GRA$p20125012$r2021-01-12 00:00:00$w2021-01-12$yTYPE_UNK
=952  \\$00$10$2ddc$3Tomo II$40$6BIB_4_000000000000000_ES_GRA$70$8BIB$99217$aORPH$bORPH$cKTS0$d2020-07-08$eKoopman$i18D62$oBIB4 ES.GRA$p20125011$r2021-01-12 00:00:00$w2021-01-12$yTYPE_UNK
=999  \\$d9226

