=LDR  00369    a2200121   4500
=001  9230
=020  \\$a3110035685
=100  \\$aLorenz, F.$912480
=245  \\$aGeorg Anton Benda
=260  \\$c1971
=942  \\$cBOO
=952  \\$00$10$2ddc$40$6BIO_BEND_D$70$8BIO$99220$aORPH$bORPH$cKTS1_P$d2020-07-08$eKoopman$i25A25$oBIO BEND d$p20129145$r2021-01-12 00:00:00$w2021-01-12$yBOO
=999  \\$c9230$d9230

