=LDR  01080aam a2200241   4500
=001  9234
=008  210410r19651696\\\|||||\||||\00|\0\eng\d
=041  \\$aeng$hfre
=100  \\$aLoulié, Étienne$d1654-1702$4aut$1http://www.wikidata.org/entity/Q289847$917063
=245  \\$aElements or Principles of Music
=260  \\$aBrooklyn, NY$bInstitute of Mediaeval Music$c1965
=300  \\$a95 pages
=534  \\$aOriginally published in 1696
=648  \0$a17th Century (1601-1700)$1http://www.wikidata.org/entity/Q7016$920923
=650  \0$aMusic theory$1http://www.wikidata.org/entity/Q193544$92662
=650  \0$aTempo$1http://www.wikidata.org/entity/Q189214$92723
=650  \0$aMetronome$1http://www.wikidata.org/entity/Q156424$922225
=651  \0$aFrance$1http://www.wikidata.org/entity/Q142$9131
=700  \\$4trl$4edt$aCohen, Albert$d1929-2019$921195
=765  \\$aÉléments ou Principes de musique
=942  \\$cBOO
=952  \\$00$10$2ddc$40$6TRE_LOUL$70$8TRE$99224$aORPH$bORPH$cKTS1_H$d2020-07-08$eKoopman$i19C48$l0$oTRE LOUL$p20127876$r2021-01-12 00:00:00$w2021-01-12$yBOO
=999  \\$d9234

