=LDR  00926aam a2200193   4500
=001  9235
=008  250828s1974\\\\|||g||||\m|||\00|\0deng\d
=041  \\$aeng
=100  \\$aLouwenaar, K. J.$912485$4aut
=245  \\$aThe keyboard concertos of Christoph Schaffrath (1709-1763)$nVol. 1
=260  \\$aAnn Arbor, MI$bXerox University Microfilms$c1974
=600  \0$aSchaffrath, Christoph$d1709-1763$1http://www.wikidata.org/entity/Q564195$924762
=648  \0$a18th Century (1701-1800)$1http://www.wikidata.org/entity/Q7015$920899
=650  \0$aConcerto$1http://www.wikidata.org/entity/Q9748$921817
=650  \0$aKeyboard instrument$1http://www.wikidata.org/entity/Q52954$92849
=651  \0$aGermany$1http://www.wikidata.org/entity/Q183$9155
=942  \\$cBOO
=952  \\$00$10$2ddc$40$6BIO_SCHA0_E$70$8BIO$99225$aORPH$bORPH$cKTS1_P$d2020-07-08$eKoopman$i22A14$l0$oBIO SCHA0 e$p20125619$r2021-01-12 00:00:00$w2021-01-12$yBOO$OKoopman
=999  \\$d9235

