=LDR  01549pam a2200289 a 4500
=001  9237
=005  20250120120931.0
=008  880314s1989\\\\iluag\\\\b\\\\001\0\eng\\
=020  \\$a0226494780
=040  \\$aOI
=041  \\$aeng
=100  \\$aLowinsky, Edward E.$d1908-1985$1http://www.wikidata.org/entity/Q1292900$4aut$912486
=245  10$aMusic in the Culture of the Renaissance and Other Essays
=260  \\$aChicago, IL$bUniversity of Chicago Press$c1989
=300  \\$a2 volumes (xxi-993 pages$billustrations (some color), music$c31 cm
=504  \\$a"Bibliography of the writings of Edward E. Lowinsky": v. 2, p. 965-969.
=504  \\$aIncludes bibliographical references and indexes.
=648  \0$aRenaissance (1400-1600)$1http://www.wikidata.org/entity/Q4692$920965
=650  \0$aMusic history$1http://www.wikidata.org/entity/Q846047$921373
=650  \0$aMusicology$1http://www.wikidata.org/entity/Q164204$93925
=700  \\$aBlackburn, Bonnie J.$4edt$4win$912487
=700  \\$aBrown, Howard Mayer$d1930-1993$1http://www.wikidata.org/entity/Q3787230$4win$918996
=700  \\$aHarris, Ellen T.$d1945-$1http://www.wikidata.org/entity/Q116986788$4win$926843
=942  \\$cBOO
=952  \\$00$10$2ddc$3vol. I$40$6GHM_4_000000000000000$70$8GHM$99226$aORPH$bORPH$cKM12_1$d2020-07-08$eKoopman$i19A59a$l0$oGHM4$p20125121$r2021-01-12 00:00:00$w2021-01-12$yBOO
=952  \\$00$10$2ddc$3vol. II$40$6GHM_4_000000000000000$70$8GHM$99227$aORPH$bORPH$cKM12_1$d2020-07-08$eKoopman$i19A59b$l0$oGHM4$p20125120$r2021-01-12 00:00:00$w2021-01-12$yBOO
=999  \\$d9237

