=LDR  01085nam a2200253 c 4500
=001  9238
=005  20251031153234.0
=008  090211s1989\\\\xx\bo||\\||||\00|||\eng\d
=040  \\$aOI
=041  0\$aeng
=100  \\$aLowman, Hubert A.$4aut$912488
=245  10$aThe Old Spanish Missions of California
=260  \\$aArroyo Grande, CA$bLowman$c1989
=300  \\$a48 pages
=648  \0$a18th Century (1701-1800)$1http://www.wikidata.org/entity/Q7015$920899
=648  \0$a19th Century (1801-1900)$1http://www.wikidata.org/entity/Q6955$920935
=650  \0$aArchitecture$1http://www.wikidata.org/entity/Q12271$93185
=650  \0$aCatholicism$1http://www.wikidata.org/entity/Q1841$921631
=650  \0$aColonialism$1http://www.wikidata.org/entity/Q7167$925026
=651  \0$aCalifornia (USA)$1http://www.wikidata.org/entity/Q99$941037
=651  \0$aSpain$1http://www.wikidata.org/entity/Q29$920983
=942  \\$cBOO
=952  \\$00$10$2ddc$40$6TOP_US_CAL$70$8TOP$99228$aORPH$bORPH$cKTS0$d2020-07-08$eKoopman$i40E24$l0$oTOP US.CAL$p20130274$r2021-01-12 00:00:00$w2021-01-12$yBOO$OKoopman
=999  \\$d9238

