=LDR  00974cam a2200217 a 4500
=001  9242
=005  20211001160118.0
=008  001208s2000\\\\gw\ab\\\\b\\\\001\0dger\\
=020  \\$a3933629012
=040  \\$aOI
=100  1\$aLudewig, Reinhard.
=245  10$aJohann Sebastian Bach im Spiegel der Medizin :$bPersönlichkeit, Krankheiten, Operationen, Ärzte, Tod, Reliquien, Denkmäler und Ruhestätten des Thomaskantors /$cvon Reinhard Ludewig.
=250  \\$a1. Aufl.
=260  \\$a[Grimma] :$bEdition Wæchterpappel,$cc2000.
=300  \\$a129 p. :$bill. (some col.), 1 map ;$c31 cm.
=504  \\$aIncludes bibliographical references (p. 117-122) and index.
=600  10$aBach, Johann Sebastian,$d1685-1750$xHealth.
=600  10$aBach, Johann Sebastian,$d1685-1750$xDeath and burial.
=952  \\$00$10$2ddc$32$40$6BIO_BACH1_E$70$8BIO$99232$aORPH$bORPH$cKTS1_P$d2020-07-08$eKoopman$i21G15$oBIO BACH1 e$p20125540$r2021-01-12 00:00:00$w2021-01-12$yBOO
=999  \\$c9242$d9242
=942  \\$cBOO

