=LDR  01867cam a2200361 a 4500
=001  9243
=005  20250926134855.0
=008  980113m19972005gw\agh\\\b\\\\001\0\ger\d
=010  \\$a   98103853 
=020  \\$a3890073220 (Gesamtwerk)
=020  \\$a3890073239 (Bd. 1)
=020  \\$a3890073247 (Bd. 2)
=020  \\$z3890073255 (Bd. 3)
=020  \\$a3890073263 (Bd. 4)
=040  \\$aNYP$cNYP$dDLC
=041  \\$ager
=245  00$aBach und die Nachwelt
=260  \\$aLaaber$bLaaber-Verlag$c1997-2005
=300  \\$a4 vols. :$bill., music, facsims. ;$c25 cm.
=500  \\$aBd. 4 edited by Joachim Lüdtke.
=504  \\$aIncludes bibliographical references and indexes.
=505  0\$aBd. 1. 1750-1850 -- Bd. 2. 1850-1900 -- Bd. 3. 1900-1950 -- Bd. 4. 1950-2000.
=600  \0$aBach, Johann Sebastian$d1685-1750$1http://www.wikidata.org/entity/Q1339$94766
=700  \\$aHeinemann, Michael$d1959-$4edt$1http://www.wikidata.org/entity/Q1372254$99472
=700  \\$aHinrichsen, Hans-Joachim$4edt$914897
=700  \\$aLüdtke, Joachim$4edt$914898
=942  \\$cBOO
=952  \\$00$10$3band 4$40$6BIO_BACH1_E$70$8BIO$99233$aORPH$bORPH$cKTS1_P$d2020-07-08$eKoopman$i32A26_4$oBIO BACH1 e$p20122974$r2021-01-12 00:00:00$w2021-01-12$yBOO$OKoopman
=952  \\$00$10$3band 1$40$6BIO_BACH1_E$70$8BIO$912313$aORPH$bORPH$cKTS1_P$d2020-07-08$eKoopman$i32A26_1$oBIO BACH1 e$p20120978$r2021-01-12 00:00:00$w2021-01-12$yBOO$OKoopman
=952  \\$00$10$3band 2$40$6BIO_BACH1_E$70$8BIO$912314$aORPH$bORPH$cKTS1_P$d2020-07-08$eKoopman$i32A26_2$oBIO BACH1 e$p20120977$r2021-01-12 00:00:00$w2021-01-12$yBOO$OKoopman
=952  \\$00$10$3band 3$40$6BIO_BACH1_E$70$8BIO$912315$aORPH$bORPH$cKTS1_P$d2020-07-08$eKoopman$i32A26_3$oBIO BACH1 e$p20120976$r2021-01-12 00:00:00$w2021-01-12$yBOO$OKoopman
=999  \\$c9243$d9243
=650  \0$aMusic history$1http://www.wikidata.org/entity/Q846047$921373

