=LDR  01132aam a2200217   4500
=001  9246
=005  20250926134855.0
=008  230217s1976\\\\||||||||\||||\00|\0\eng\d
=041  \\$aeng
=100  \\$aHolborn, Hans Ludwig$912494$4aut
=245  \\$aBach and Pietism:$bThe Relationship of the Church Music of Johann Sebastian Bach to Eighteenth-Century Lutheran Orthodoxy and Pietism with Special Reference to the Saint Matthew Passion
=260  \\$aLondon$bUniversity Microfilms International$c1976
=600  \0$aBach, Johann Sebastian$d1685-1750$1http://www.wikidata.org/entity/Q1339$94766
=648  \0$a18th Century (1701-1800)$1http://www.wikidata.org/entity/Q7015$920899
=650  \0$aPietism$1http://www.wikidata.org/entity/Q193664$923132
=650  \0$aLute$1http://www.wikidata.org/entity/Q180733$93944
=650  \0$aPassion$1http://www.wikidata.org/entity/Q781815$92006
=651  \0$aLeipzig (Germany)$1http://www.wikidata.org/entity/Q2079$945
=942  \\$cBOO
=952  \\$00$10$2ddc$40$6BIO_BACH1_E$70$8BIO$99236$aORPH$bORPH$cKTS1_P$d2020-07-08$eKoopman$i33A23$oBIO BACH1 e$p20123036$r2021-01-12 00:00:00$w2021-01-12$yBOO
=999  \\$d9246

