=LDR  01015    a2200193   4500
=001  9247
=008  220525r\\\\1694|||a||||\||||\00|\p\dut\d
=245  \\$aHet menselyk bedryf:$bVertoond in 100 Verbeeldingen van Ambachten, Konsten, Hanteeringen en Bedryven met Versen
=260  \\$as.l.$bs.n.$cs.d.
=500  \\$aFacsimile reprint of Amsterdam, 1694
=648  \0$a17th Century (1601-1700)$1http://www.wikidata.org/entity/Q7016$920923
=650  \0$aIconography$1http://www.wikidata.org/entity/Q208145$921259
=650  \0$aApplied arts$1http://www.wikidata.org/entity/Q2865882$921627
=651  \0$aAmsterdam (Netherlands)$1http://www.wikidata.org/entity/Q727$9135
=700  \\$4ill$aLuiken, Jan$d1649-1712$1http://www.wikidata.org/entity/Q87466$95171
=700  \\$4ill$aLuiken, Caspar$d1672-1708$1http://www.wikidata.org/entity/Q18508002$912029
=942  \\$cBOO
=952  \\$00$10$2ddc$40$6VIS_LUIK$70$8VIS$99237$aORPH$bORPH$cKTS1_H$d2020-07-08$eKoopman$i21C25$oVIS LUIK$p20128214$r2021-01-12 00:00:00$w2021-01-12$yBOO
=999  \\$d9247

