=LDR  00881cam a22002411i 4500
=001  9249
=005  20250120120531.0
=008  780519s1975\\\\ne\\\\\\\b\\\\000\0\dut\\
=020  \\$a9061851017 :$cfl 17.50
=040  \\$aOI
=041  \\$adut
=100  \\$aLulofs, Frank$d-1919$4aut$912497
=245  10$aNu gaet reynaerde al huten spele:$bover commentaar en interpretatie
=260  \\$aAmsterdam$bThespa$c1975
=300  \\$a292 pages$c17 cm
=490  0\$aAmsterdamse smaldelen$v3
=504  \\$aBibliography: p. 269-277.
=561  \\$aEx libris A. Kok
=600  \0$aReinaert de Vos$1http://www.wikidata.org/entity/Q505194$923070
=650  \0$aLiterature$1http://www.wikidata.org/entity/Q8242$94439
=942  \\$cBOO
=952  \\$00$10$2ddc$40$6LIT_LULO_A$70$8LIT$99239$aORPH$bORPH$cKM12_2_H$d2020-07-08$eKoopman$i41D12$oLIT LULO a$p20120159$r2021-01-12 00:00:00$w2021-01-12$yBOO
=999  \\$d9249

