=LDR  01378aab a2200241   4500
=001  9250
=008  220331s1953\\\\||||||||\||||\00|\0\ita\d
=041  \\$aita
=100  \\$aLunelli, Renato$4aut$912498
=245  \\$aUn trattatello di Antonio Barcotto colma le lacune dell’«Arte organica»
=246  \1$aRegole, e breve raccordo
=260  \\$aFlorence$bOlschki$c1953
=500  \\$aPhotocopy of an excerpt from Collectanea Historiæ Musicæ, vol. 1, pp. 135-155
=534  \\$aOriginally published in 1608
=590  \\$aPer far rendere agiustati, e regolati ogni sorta di Istrumenti da vento, cioé Organi, Claviorgani, Regali e simili, e contengono le vere maniere per formare detti Istrumenti delli più buoni, belli, e ben compartiti. Composta da Antonio Barcotto da Montagnana Fabricator d'Organi abitante in Padova
=648  \0$a17th Century (1601-1700)$1http://www.wikidata.org/entity/Q7016$920923
=650  \0$aTuning$1http://www.wikidata.org/entity/Q858576$921655
=650  \0$aOrgan$1http://www.wikidata.org/entity/Q1444$92810
=650  \0$aRegal$1http://www.wikidata.org/entity/Q930827$922586
=651  \0$aPadua (Italy)$1http://www.wikidata.org/entity/Q617$923322
=942  \\$cBOO
=952  \\$00$10$2ddc$40$6INS_3_000000000000000_1B_BARC$70$8INS$99240$aORPH$bORPH$cKTS0$d2020-07-08$eKoopman$i20B04$oINS3.1b BARC$p20128006$r2021-01-12 00:00:00$w2021-01-12$yBOO
=999  \\$d9250

