=LDR  00780    a2200205   4500
=001  9254
=008  220131s1993\\\\it\h||||\||||\00|\0\ita\d
=041  \\$aita
=100  \\$aLunghi, Massimo$4aut$912499
=245  \\$aStudio in formadi introduzione all'Arte Organica di Costanzo Antegnati
=260  \\$c1985$aBrescia 
=300  \\$a35 pages
=336  \\$aprinted
=505  \\$gPhotocopied material/dissertation
=600  \0$aAntegnati, Costanzo$d1549-1624$99138
=650  \0$aOrganist$1http://www.wikidata.org/entity/Q765778$94471
=650  \0$aOrgan$1http://www.wikidata.org/entity/Q1444$92810
=942  \\$cBOO
=952  \\$00$10$2ddc$40$6INS_3_000000000000000_1A$70$8INS$99244$aORPH$bORPH$cKTS0$d2020-07-08$eKoopman$i19A25$oINS3.1a$p20125150$r2021-01-12 00:00:00$w2021-01-12$yBOO
=999  \\$d9254

