=LDR  00532aam a2200145   4500
=001  9255
=008  220914s1966\\\\||||||||\||||\00|\0\dut\d
=041  \\$adut
=100  \\$aLunsingh Scheurleer, Th. H.$4aut$912500
=245  \\$aChine de Commande
=260  \\$aHilversum$bDe Haan$c1966
=650  \0$aPorcelain$1http://www.wikidata.org/entity/Q130693$924926
=942  \\$cBOO
=952  \\$00$10$2ddc$40$6VIS_LUNS$70$8VIS$99245$aORPH$bORPH$cKTS1_H$d2020-07-08$eKoopman$i31C27$l0$oVIS LUNS$p20123242$r2021-01-12 00:00:00$w2021-01-12$yBOO$OKoopman
=999  \\$d9255

