=LDR  00846cam a2200217 i 4500
=001  9256
=008  770912s1976\\\\nl\a\\\\\b\\\\000\0\dut\\
=040  \\$aOI
=041  \\$adut
=100  \\$aLuteijn, A. C. M.$4aut$912501
=245  13$aDe orgelpijp uit
=260  \\$aBaarn $bBosch & Keuning$c1976
=300  \\$a96 pages$c20 cm
=504  \\$aBibliography: p. 95-96.
=650  \0$aOrgan pipe$1http://www.wikidata.org/entity/Q1510738$93292
=650  \0$aOrganology$1http://www.wikidata.org/entity/Q899293$921400
=650  \0$aOrgan$1http://www.wikidata.org/entity/Q1444$92810
=651  \0$aNetherlands$1http://www.wikidata.org/entity/Q55$9173
=942  \\$cBOO
=952  \\$00$10$2ddc$40$6INS_3_000000000000000_1A_NL$70$8INS$99246$aORPH$bORPH$cKTS0$d2020-07-08$eKoopman$i24C28$l0$oINS3.1a NL$p20128994$r2021-01-12 00:00:00$w2021-01-12$yBOO$OKoopman
=999  \\$d9256

