=LDR  01165cam a2200253 a 4500
=001  9259
=005  20251003155835.0
=008  110622s2011\\\\ne\a\\\\\b\\\\001\0\dut\d
=041  \\$adut
=042  \\$alccopycat
=043  \\$ae-ne---
=100  \\$4edt$aLuth, Jan R.$d1951-$912503
=245  00$aWereldberoemde klanken.$bHet Schnitgerorgel in de Der Aa-kerk te Groningen en zijn voorgangers
=260  \\$aZutphen$bWalburg Pers$c2011
=300  \\$a287 pages$bill. (some col.) $c25 cm
=490  1\$aNederlandse orgelmonografieën$x1879-3762$v11
=504  \\$aIncludes bibliographical references (p. 266-278) and index.
=600  \0$aSchnitger, Arp$d1648-1719$1http://www.wikidata.org/entity/Q60787$910906
=610  \0$aDer Aa-kerk (Groningen, Netherlands)$1http://www.wikidata.org/entity/Q2255378$91453
=650  \0$aOrgan$1http://www.wikidata.org/entity/Q1444$92810
=651  \0$aGroningen (Netherlands)$1http://www.wikidata.org/entity/Q749$922634
=942  \\$cBOO
=952  \\$00$10$2ddc$40$6INS_3_000000000000000_1E_NL_GRO$70$8INS$99249$aORPH$bORPH$cKTS0$d2020-07-08$eKoopman$i29D67$l0$oINS3.1e NL.GRO$p20121303$r2021-01-12 00:00:00$w2021-01-12$yBOO$OKoopman
=999  \\$d9259

