=LDR  01555aam a2200265   4500
=001  9260
=005  20251003160146.0
=008  251003s1986\\\\||||||||\m|||\00|\0\dut\d
=020  \\$a9066510595
=041  \\$adut
=100  \\$aLuth, Jan R.$d-1951$912503$4aut
=245  \\$aDaer wert om 't seerste uytgekreten...$bBijdragen tot een geschiedenis van de gemeentezang in het Nederlands Gereformeerde protestantisme ca. 1550-ca. 1852
=260  \\$aKampen$bVan den Berg$c1986
=648  \0$a16th Century (1501-1600)$1http://www.wikidata.org/entity/Q7017$920944
=648  \0$a17th Century (1601-1700)$1http://www.wikidata.org/entity/Q7016$920923
=648  \0$a18th Century (1701-1800)$1http://www.wikidata.org/entity/Q7015$920899
=648  \0$a19th Century (1801-1900)$1http://www.wikidata.org/entity/Q6955$920935
=650  \0$aMusic history$1http://www.wikidata.org/entity/Q846047$921373
=650  \0$aCongregational singing$1http://www.wikidata.org/entity/Q5160756$923780
=650  \0$aProtestantism$1http://www.wikidata.org/entity/Q23540$921012
=651  \0$aNetherlands$1http://www.wikidata.org/entity/Q55$1http://www.wikidata.org/entity/Q29999$9173
=942  \\$cBOO
=952  \\$00$10$2ddc$3Deel I$40$6TOP_NL_4_000000000000000$70$8TOP$99250$aORPH$bORPH$cKTS0$d2020-07-08$eKoopman$i46C29$l0$oTOP NL 4$p20127634$r2021-01-12 00:00:00$w2021-01-12$yBOO$OKoopman
=952  \\$00$10$2ddc$3Deel II$40$6TOP_NL_4_000000000000000$70$8TOP$99251$aORPH$bORPH$cKTS0$d2020-07-08$eKoopman$i46C29$l0$oTOP NL 4$p20127633$r2021-01-12 00:00:00$w2021-01-12$yBOO$OKoopman
=999  \\$d9260

