=LDR  00361    a2200109   4500
=001  9263
=100  \\$aLuther, W. M.$912505
=245  \\$aJohann Sebastian Bach Documenta
=260  \\$c1950
=942  \\$cBOO
=952  \\$00$10$2ddc$40$6BIO_BACH1_B$70$8BIO$99253$aORPH$bORPH$cKTS1_P$d2020-07-08$eKoopman$i45D39$oBIO BACH1 b$p20127290$r2021-01-12 00:00:00$w2021-01-12$yBOO
=999  \\$c9263$d9263

