=LDR  01384aaa a2200241   4500
=001  9264
=008  250303s2008\\\\||||||||\||||\00|\0dger\d
=100  \\$aLütteken, Laurenz$910032$4aut
=245  \\$aItalien in Frankreich. Die friderizianishe Hofkapelle im Spannungsfeld der Kulturen.$bSonderdruck aus Italierinnen und Italiener am hofe Friedrich II. (1740-1786)
=260  \\$c2008$aBerlin$bDuncker & Humblot
=300  \\$a[24] pages
=600  \0$aFriedrich II.$d1712-1786$1http://www.wikidata.org/entity/Q33550$97289
=648  \0$a18th Century (1701-1800)$1http://www.wikidata.org/entity/Q7015$920899
=650  \0$aCappella$1http://www.wikidata.org/entity/Q19902156$922910
=650  \0$aCourt$1http://www.wikidata.org/entity/Q1134237$922191
=650  \0$aMusic history$1http://www.wikidata.org/entity/Q846047$921373
=650  \0$aMusician$1http://www.wikidata.org/entity/Q639669$93574
=650  \0$aInfluence$1http://www.wikidata.org/entity/Q1307337$1http://www.wikidata.org/entity/Q16578639$922289
=651  \0$aBerlin (Germany)$1http://www.wikidata.org/entity/Q64$948
=700  \\$aUnfer Lukoschik, Rita$d1955-$1http://www.wikidata.org/entity/Q106461660$4edt$939812
=942  \\$cCHA
=952  \\$00$10$2ddc$40$6TOP_DE_BER_5_000000000000000$70$8TOP$99254$aORPH$bORPH$cKTS0$d2020-07-08$eKoopman$i38C25$l0$oTOP DE.BER 5$p20130292$r2021-01-12 00:00:00$w2021-01-12$yCHA$OKoopman
=999  \\$d9264

