=LDR  01081aab a2200217   4500
=001  9265
=005  20251001162312.0
=008  220426s2008\\\\||||||||\||||\00|\0dger\d
=041  \\$ager
=100  \\$aLütteken, Laurenz$4aut$910032
=245  \\$aChristian Wolff und die Musikästhetik seiner Zeit
=260  \\$c2008$aOlms$bHildesheim
=490  \\$aWolffiana$vII.4
=500  \\$aOffprint from 'Christian Wolff und die europäische Aufklärung: Akten des 1. Internationalen Christian-Wolff-Kongresses, Halle (Saale), 4.-8. April 2004', ed. J. Stolzenberg & O. P. Rudolph
=600  \0$aWolff, Christian$d1679-1754$1http://www.wikidata.org/entity/Q76510$923984
=648  \0$a18th Century (1701-1800)$1http://www.wikidata.org/entity/Q7015$920899
=650  \0$aMusic philosophy and aesthetics$1http://www.wikidata.org/entity/Q2092865$921165
=651  \0$aGermany$1http://www.wikidata.org/entity/Q183$9155
=942  \\$cBOO
=952  \\$00$10$2ddc$40$6BIO_WOLF1_E$70$8BIO$99255$aORPH$bORPH$cKTS1_P$d2020-07-08$eKoopman$i38C26$oBIO WOLF1 e$p20130291$r2021-01-12 00:00:00$w2021-01-12$yBOO
=999  \\$d9265

