=LDR  01125cam a2200229 i 4500
=001  9267
=008  800326s1979\\\\gw\\\\\\\b\\\\000\0\ger\\
=041  \\$ager
=100  \\$aLüttmann, Reinhard$4aut$912509
=245  14$aDas Orgelregister und sein instrumentales Vorbild in Frankreich und Spanien vor 1800 
=260  \\$aKassel $bBärenreiter$c1979
=300  \\$aiii-365 pages$c26 cm
=490  \\$aVeröffentlichungen der Orgelwissenschaftlichen Forschungsstelle im Musikwissenschaftlichen Seminar der Westfälischen Wilhelms-Universität Münster ;$vNr. 10
=504  \\$aBibliography: p. 360-365.
=650  \0$aOrgan stop$1http://www.wikidata.org/entity/Q1446290$93297
=650  \0$aOrgan$1http://www.wikidata.org/entity/Q1444$92810
=650  \0$aMusic history$1http://www.wikidata.org/entity/Q846047$921373
=651  \0$aFrance$1http://www.wikidata.org/entity/Q142$9131
=651  \0$aSpain$1http://www.wikidata.org/entity/Q29$920983
=942  \\$cBOO
=952  \\$00$10$2ddc$40$6INS_3_000000000000000_1B$70$8INS$99257$aORPH$bORPH$cKTS0$d2020-07-08$eKoopman$i24D05$oINS3.1b$p20129139$r2021-01-12 00:00:00$w2021-01-12$yBOO
=999  \\$d9267

