=LDR  01025cam a2200229 a 4500
=001  9268
=008  870921s1986\\\\gw\ac\\\\b\\\\000\0dger\|
=041  \\$ager
=100  \\$aLutz, Walter$912510$4aut
=245  10$aZur Geschichte der Kirchenmusik am Dom zu Limburg :$bvon den Anfängen bis zur Gegenwart
=260  \\$aMainz$aNew York$bSchott$c1986
=300  \\$ax-244 pages
=490  \\$aBeiträge zur mittelrheinischen Musikgeschichte$vNr. 27
=504  \\$aBibliography: p. 215-219.
=610  \0$aLimburger Dom (Germany)$91456
=650  \0$aChurch music$1http://www.wikidata.org/entity/Q8812109$92283
=650  \0$aMusic history$1http://www.wikidata.org/entity/Q846047$921373
=650  \0$aCatholicism$1http://www.wikidata.org/entity/Q1841$921631
=651  \0$aLimburg an der Lahn (Germany)$1http://www.wikidata.org/entity/Q16026$9121
=942  \\$cBOO
=952  \\$00$10$2ddc$40$6TOP_DE_LIM$70$8TOP$99258$aORPH$bORPH$cKTS0$d2020-07-08$eKoopman$i20C8$l0$oTOP DE.LIM$p20127938$r2021-01-12 00:00:00$w2021-01-12$yBOO$OKoopman
=999  \\$d9268

