=LDR  00736    a2200181   4500
=001  9269
=008  210830s1984\\\\||||||||\||||\00|\0\eng\d
=041  \\$aeng
=100  \\$aŁużny, Ryszard$4aut$912511
=245  \\$aThe "Old Rite" and its Place in the Russian Culture
=260  \\$aBydgoszcz$bFilharmonia Pomorska im. I. Paderewskiego w. Bydgoszczy$c1984
=300  \\$a20 pages
=490  \\$aMusica Antiqua Europæ Orientalis$v2/4
=650  \0$1http://www.wikidata.org/entity/Q846047$aMusic history$921373
=651  \0$aRussia$1http://www.wikidata.org/entity/Q159$921008
=942  \\$cBOO
=952  \\$00$10$2ddc$40$6TOP_RU$70$8TOP$99259$aORPH$bORPH$cKTS0$d2020-07-08$eKoopman$i19C13$oTOP RU$p20127923$r2021-01-12 00:00:00$w2021-01-12$yBOO
=999  \\$d9269

