=LDR  01001nam a2200241 a 4500
=001  9270
=003  OI
=005  20250120120919.0
=008  000710s1993\\\\xx\\\\\|r\\\\|000\||dut|d
=020  \\$a9012080665
=040  \\$aOI
=041  \\$adut
=100  \\$aMaar, F. E. R. de$1http://www.wikidata.org/entity/Q108668073$4aut$912512
=245  10$aVijf eeuwen tandheelkunde in de Nederlandse en Vlaamse kunst
=260  \\$aNieuwegein$bNederlandse Maatschappij tot bevordering der Tandheelkunde$c1993
=300  \\$a304 pages$billustrations
=650  \0$aDentistry$1http://www.wikidata.org/entity/Q12128$926261
=650  \0$aFine art$1http://www.wikidata.org/entity/Q219625$921579
=651  \0$aNetherlands$1http://www.wikidata.org/entity/Q55$9173
=651  \0$aFlanders (Belgium)$1http://www.wikidata.org/entity/Q234$989
=942  \\$cBOO
=952  \\$00$10$2ddc$40$6TOP_NL$70$8TOP$99260$aORPH$bORPH$cKTS0$d2020-07-08$eKoopman$i47A18$l0$oTOP NL$p20123764$r2021-01-12 00:00:00$w2021-01-12$yBOO$OKoopman
=999  \\$d9270

