=LDR  00753    a2200193   4500
=001  9271
=008  220125s1907\\\\nl\\||||\||||\00|\0\dut\d
=041  \\$adut
=100  \\$aMaarschalkerweerd, Michaël$4aut$1http://www.wikidata.org/entity/Q2101949$912513
=245  \\$aOver Orgels
=260  \\$c1907$aUtrecht
=300  \\$a66 pages
=336  \\$aprinted
=650  \0$aOrgan$1http://www.wikidata.org/entity/Q1444$92810
=650  \0$aOrganology$1http://www.wikidata.org/entity/Q899293$921400
=651  \0$aUtrecht (Netherlands)$1http://www.wikidata.org/entity/Q803$9141
=942  \\$cBOO
=952  \\$00$10$2ddc$40$6INS_3_000000000000000_1B$70$8INS$99261$aORPH$bORPH$cKTS0$d2020-07-08$eKoopman$i44D41$oINS3.1b$p20126598$r2021-01-12 00:00:00$w2021-01-12$yBOO
=999  \\$d9271

