=LDR  00930    a2200241   4500
=001  9272
=003  OSt
=005  20250120115928.0
=008  210209s1967\\\\\\\|||||\||||\00|\0\dut\d
=040  \\$cOI
=041  \\$adut
=100  \\$aMaas, C. J.$912514$4aut
=245  \\$aGeschiedenis van het meerstemmig Magnificat tot omstreeks 1525
=260  \\$aGroningen$bV.R.B.$c1967
=300  \\$a208 pages
=500  \\$aPhD dissertation
=648  \0$1http://www.wikidata.org/entity/Q12554$aMiddle Ages (500-1400)$920964
=648  \0$1http://www.wikidata.org/entity/Q4692$aRenaissance (1400-1600)$920965
=650  \0$1http://www.wikidata.org/entity/Q846047$aMusic history$921373
=650  \0$1http://www.wikidata.org/entity/Q200809$aMagnificat$92021
=942  \\$cBOO
=952  \\$00$10$2ddc$40$6GEN_5_000000000000000$70$8GEN$99262$aORPH$bORPH$cKM12_1$d2020-07-08$eKoopman$i20F13$l0$oGEN5$p20128137$r2021-01-12 00:00:00$w2021-01-12$yBOO
=999  \\$d9272

