=LDR  00351    a2200109   4500
=001  9274
=100  \\$aMaas, P. M.$912516
=245  \\$aFrançois Villon
=260  \\$c1961
=942  \\$cBOO
=952  \\$00$10$2ddc$40$6BIO_VILL_D$70$8BIO$99264$aORPH$bORPH$cKTS1_P$d2020-07-08$eKoopman$i40G43$oBIO VILL d$p20122227$r2021-01-12 00:00:00$w2021-01-12$yBOO$OKoopman
=999  \\$c9274$d9274

