=LDR  01260aam a2200241   4500
=001  9276
=008  250910s1948\\\\|||aog||\||||\001\0\eng\d
=041  \\$aeng
=100  \\$aMacdermott, K.H.$912518$4aut
=245  \\$aThe Old Church Gallery Minstrels.$bAn Account of the Church Bands and Singers in England from about 1660 to 1860.
=260  \\$c1948$aLondon$bS.P.C.K.
=300  \\$a[vi]-77 pages
=648  \0$a17th Century (1601-1700)$1http://www.wikidata.org/entity/Q7016$920923
=648  \0$a18th Century (1701-1800)$1http://www.wikidata.org/entity/Q7015$920899
=648  \0$a19th Century (1801-1900)$1http://www.wikidata.org/entity/Q6955$920935
=650  \0$aMusician$1http://www.wikidata.org/entity/Q639669$93574
=650  \0$aMusic history$1http://www.wikidata.org/entity/Q846047$921373
=650  \0$aChurch music$1http://www.wikidata.org/entity/Q8812109$1http://www.wikidata.org/entity/Q1065742$92283
=650  \0$aMusical Instrument$940212
=651  \0$aUnited Kingdom$1http://www.wikidata.org/entity/Q21$1http://www.wikidata.org/entity/Q145$9273
=942  \\$cBOO
=952  \\$00$10$2ddc$40$6TOP_GB_5_000000000000000$70$8TOP$99266$aORPH$bORPH$cKTS0$d2020-07-08$eKoopman$i33F22$l0$oTOP GB 5$p20120896$r2021-01-12 00:00:00$w2021-01-12$yBOO$OKoopman
=999  \\$d9276

