=LDR  01788aam a2200289   4500
=001  9277
=008  220808s1964\\\\||||||||\m|||\00|\0deng\d
=041  \\$aeng
=100  \\$aMacDonald, John Alexander$4aut$912519
=245  \\$aThe Sacred Vocal Music of Giovanni Legrenzi
=260  \\$aAnn Arbor, MI$bUniversity of Michigan$c1964
=300  \\$a205-157 pages
=500  \\$aContains modern editions of Magnificat op.1/8, Hodie op.3/1, Lauda Jerusalem op.5/9, Expergissimino op.6/13, Salve Regina op.7/15, Lætatus sum op.9/10, Laudibus concino op.10/8, O mirandum op.17/7, and the Gloria from the Missa quinque vocibus
=590  \\$aA dissertation submitted in partial fulfillment of the requirements for the degree of Doctor of Philosophy in The University of Michigan
=600  \0$aLegrenzi, Giovanni$d1626-1690$1http://www.wikidata.org/entity/Q354947$97231
=610  \0$aOspedale dei Mendicanti (Venice, Italy)$1http://www.wikidata.org/entity/Q3585357$924592
=610  \0$aBasilica di San Marco (Venice, Italy)$1http://www.wikidata.org/entity/Q172988$920989
=648  \0$a17th Century (1601-1700)$1http://www.wikidata.org/entity/Q7016$920923
=650  \0$aChurch music$1http://www.wikidata.org/entity/Q8812109$92283
=650  \0$aMusic history$1http://www.wikidata.org/entity/Q846047$921373
=650  \0$aMusical analysis$1http://www.wikidata.org/entity/Q1544924$92775
=651  \0$aBergamo (Italy)$1http://www.wikidata.org/entity/Q628$924190
=651  \0$aFerrara (Italy)$1http://www.wikidata.org/entity/Q13362$920993
=651  \0$aVenice (Italy)$1http://www.wikidata.org/entity/Q641$91
=942  \\$cBOO
=952  \\$00$10$2ddc$40$6BIO_LEGR_E$70$8BIO$99267$aORPH$bORPH$cKTS1_P$d2020-07-08$eKoopman$i35B11$oBIO LEGR e$p20120779$r2021-01-12 00:00:00$w2021-01-12$yBOO$OKoopman
=999  \\$d9277

