=LDR  01468cam a22003011  4500
=001  9278
=005  20250120120343.0
=008  740715r19661676fr\a\\\\\\\\\\000\0\mul\\
=041  \\$aeng$afre
=100  \\$aMace, Thomas$d1613-1709$4aut$1http://www.wikidata.org/entity/Q2425975$95853
=245  10$aMusick's Monument
=250  \\$a2nd ed.
=260  \\$aParis$bÉditions du Centre national de la recherche scientifique$c1966
=300  \\$a2 vols. (272+lxiv-107 pages)
=490  0\$aCollection "Le Chœur des muses"
=534  \\$aFacsimile of the original edition published in London in 1676, see 05J28
=648  \0$a17th Century (1601-1700)$1http://www.wikidata.org/entity/Q7016$920923
=650  \0$aMusic theory
=650  \0$aChurch music$1http://www.wikidata.org/entity/Q8812109$92283
=650  \0$aLute$1http://www.wikidata.org/entity/Q180733$93944
=650  \0$aViol$1http://www.wikidata.org/entity/Q40125$94621
=651  \0$aUnited Kingdom$1http://www.wikidata.org/entity/Q21$9273
=700  \\$4cmm$aJacquot, Jean$911814
=700  \\$4trc$aSouris, André$d1899-1970$921194
=942  \\$cBOO
=952  \\$00$10$2ddc$3vol. 1$40$6TRE_MACE$70$8TRE$99268$aORPH$bORPH$cKTS1_H$d2020-07-08$eKoopman$i20B01$oTRE MACE$p20128010$r2021-01-12 00:00:00$w2021-01-12$yBOO
=952  \\$00$10$2ddc$3vol. 2: commentaire et transcriptions$40$6TRE_MACE$70$8TRE$99269$aORPH$bORPH$cKTS1_H$d2020-07-08$eKoopman$i20B01$oTRE MACE$p20128009$r2021-01-12 00:00:00$w2021-01-12$yBOO
=999  \\$d9278

