=LDR  01156cam a2200241 a 4500
=001  9280
=005  20250120120328.0
=008  830319s1980\\\\fr\acfh\\b\\\\001\0bfre\\
=020  \\$a290119110X :$c87.00F
=040  \\$aOI
=041  \\$afre
=100  \\$aMachard, Roberte$4aut$912521
=245  10$aJean-Joseph Cassanea de Mondonville, virtuose, compositeur et chef d'orchestre
=260  \\$aBéziers$bCentre international de documentation occitane$bSociété de musicologie du Languedoc$c1980
=300  \\$a268 p., [16] p. of plates :$bill., ports., facsims., fold. gen. tab. ;$c25 cm.
=490  \\$aPublications du Centre international de documentation occitane$v3
=504  \\$aBibliography: p. [245]-248.
=600  \0$aMondonville, Jean-Joseph Cassanéa de$d1711-1772$1http://www.wikidata.org/entity/Q371862$95396
=700  \\$4win$aDufourcq, Norbert$d1904-1990$eWriter of introduction$918235
=942  \\$cBOO
=952  \\$00$10$2ddc$40$6BIO_MOND_D$70$8BIO$99270$aORPH$bORPH$cKTS1_P$d2020-07-08$eKoopman$i31A17$l0$oBIO MOND d$p20121155$r2021-01-12 00:00:00$w2021-01-12$yBOO
=999  \\$c9280$d9280
=650  \0$aBiography$1http://www.wikidata.org/entity/Q36279$91927

