=LDR  01133aam a2200265   4500
=001  9281
=005  20251103143001.0
=008  251103s1980\\\\||||||||\||||\00|\0\ger\d
=041  \\$ager$hita
=100  \\$aMachiavelli, Niccolò$d1469-1527$1http://www.wikidata.org/entity/Q1399$912523$4aut
=245  \\$aDer Fürst
=260  \\$aWiesbaden$bVMA-Verlag$c1980
=300  \\$a118 pages
=610  \0$aHouse of Medici$1http://www.wikidata.org/entity/Q170022$922339
=648  \0$a16th Century (1501-1600)$1http://www.wikidata.org/entity/Q7017$920944
=650  \0$aPolitics$1http://www.wikidata.org/entity/Q7163$921826
=650  \0$aMoral education$1http://www.wikidata.org/entity/Q25457248$93171
=650  \0$aNobility$1http://www.wikidata.org/entity/Q134737$93602
=651  \0$aFlorence (Italy)$1http://www.wikidata.org/entity/Q2044$9248
=700  \\$aBahner, Werner$4edt$941720
=700  \\$aBlaschke, Friedrich$4trl$941721
=765  \\$aIl principe
=942  \\$cBOO
=952  \\$00$10$2ddc$40$6PHI_MACH_A$70$8PHI$99271$aORPH$bORPH$cKM12_3_2$d2020-07-08$eKoopman$i40B20$oPHI MACH a$p20120313$r2021-01-12 00:00:00$w2021-01-12$yBOO
=999  \\$d9281

