=LDR  01021aam a2200241   4500
=001  9282
=005  20251103151503.0
=008  251103s1961\\\\||||||||\||||\00|\d\ger\d
=041  \\$ager$hita
=100  \\$aMachiavelli, Niccolò$d1469-1527$1http://www.wikidata.org/entity/Q1399$912523$4aut
=245  \\$aMandragola.$bKomödie in fünf Aufzügen
=260  \\$aLeipzig$bReclam$c1961
=300  \\$a72 pages$c15 cm x 10 cm
=610  \0$aHouse of Medici$1http://www.wikidata.org/entity/Q170022$922339
=648  \0$a16th Century (1501-1600)$1http://www.wikidata.org/entity/Q7017$920944
=650  \0$aComedy$1http://www.wikidata.org/entity/Q40831$921436
=651  \0$aFlorence (Italy)$1http://www.wikidata.org/entity/Q2044$9248
=700  \\$aBahner, Werner$4edt$941720
=700  \\$aZiegler, J.$4edt$941726
=700  \\$aHeyse, P.$4edt$941727
=942  \\$cBOO
=952  \\$00$10$2ddc$40$6LIT_MACH_A$70$8LIT$99272$aORPH$bORPH$cKM12_2_H$d2020-07-08$eKoopman$i40B21$oLIT MACH a$p20120312$r2021-01-12 00:00:00$w2021-01-12$yBOO
=999  \\$d9282

