=LDR  00814aam a2200193   4500
=001  9283
=008  250626s1984\\\\||||||||\||||\00|\0\pol\d
=020  \\$a832110665X
=041  \\$apol
=100  \\$aMaciejewski, T.$912524$4aut
=245  \\$aPapiery muzyczne po kapeli klasztoru panien benedyktynek w staniatkach
=260  \\$aWarsaw$bInstytut Wydawniczy Pax$c1984
=650  \0$aManuscript$1http://www.wikidata.org/entity/Q87167$92275
=650  \0$aLibrary$1http://www.wikidata.org/entity/Q7075$94229
=650  \0$aMonastery$1http://www.wikidata.org/entity/Q44613$926216
=651  \0$aStaniątki (Poland)$1http://www.wikidata.org/entity/Q7599358$940462
=942  \\$cBOO
=952  \\$00$10$2ddc$40$70$8BIB$99273$aORPH$bORPH$cKTS0$d2020-07-08$eKoopman$i19F47$l0$p20125225$r2021-01-12 00:00:00$w2021-01-12$yBOO$OKoopman
=999  \\$d9283

