=LDR  00965    a2200229   4500
=001  9284
=008  211029s2007\\\\-uk|||||\||||\00|\0\eng\d
=020  \\$a9780955603006
=041  \\$aeng
=100  \\$aMackenzie of Ord, Alexander$4aut$912525
=245  \\$aThe Temperament of Keyboard Music.$bIts Character; its Musicality; and its History
=260  \\$c2007$aBristol$bMackenzie of Ord
=300  \\$a248 pages
=336  \\$aprinted
=561  \\$aEx Libris Ton Koopman
=648  \0$a17th Century (1601-1700)$1http://www.wikidata.org/entity/Q7016$920923
=648  \0$a18th Century (1701-1800)$1http://www.wikidata.org/entity/Q7015$920899
=648  \0$a19th Century (1801-1900)$1http://www.wikidata.org/entity/Q6955$920935
=650  \0$aTemperament$1http://www.wikidata.org/entity/Q55073971$921656
=942  \\$cBOO
=952  \\$00$10$2ddc$40$6INS_3A$70$8INS$99274$aORPH$bORPH$cKTS0$d2020-07-08$eKoopman$i45E27$oINS3a$p20127464$r2021-01-12 00:00:00$w2021-01-12$yBOO
=999  \\$d9284

