=LDR  01128    a2200229   4500
=001  9285
=008  210927s1986\\\\-uka||||\||||\00|\0\eng\d
=020  \\$a0950778265
=041  \\$aeng
=245  \\$aMusical Instruments in the 1851 Exhibition:$bA transcription of the entries of musical interest from the Official Illustrated Catalogue of the Great Exhibition of the Art and Industry of all Nations, with additional material from contemporary sources
=260  \\$aEngland$bMac & Me$c1986
=300  \\$a109 pages
=561  \\$aEx Libris Ton Koopman
=648  \0$a19th Century (1801-1900)$1http://www.wikidata.org/entity/Q6955$920935
=650  \0$aOrganology$1http://www.wikidata.org/entity/Q899293$921400
=650  \0$aWorld's Fair$1http://www.wikidata.org/entity/Q172754$923104
=651  \0$aLondon (United Kingdom)$1http://www.wikidata.org/entity/Q84$9123
=700  \\$4edt$aMactaggart, Peter$912526
=700  \\$4edt$aMactaggart, Ann$923103
=942  \\$cBOO
=952  \\$00$10$2ddc$40$6INS_1A_GB_LON$70$8INS$99275$aORPH$bORPH$cKTS0$d2020-07-08$eKoopman$i23D07$oINS1a GB.LON$p20128612$r2021-01-12 00:00:00$w2021-01-12$yBOO
=999  \\$d9285

