=LDR  01150cam a2200265 a 4500
=001  9287
=005  20250121142124.0
=008  891121s1988\\\\gw\ag\\\\b\\\\001\0\ger\\
=020  \\$a3795905206
=040  \\$aOI
=041  \\$ager
=100  \\$aMaertens, Willi$4aut$912528
=245  10$aGeorg Philipp Telemanns sogenannte Hamburgische Kapitainsmusiken (1723-1765)
=260  \\$aWilhelmshaven$bNoetzel$c1988
=300  \\$a407 pages$bill., music ;$c30 cm.
=490  \\$aQuellenkataloge zur Musikgeschichte$v21
=504  \\$aIncludes bibliographical references (p. 277-286).
=600  \0$aTelemann, Georg Philipp$d1681-1767$1http://www.wikidata.org/entity/Q75854$99287
=648  \0$a18th Century (1701-1800)$1http://www.wikidata.org/entity/Q7015$920899
=650  \0$aOratorio$1http://www.wikidata.org/entity/Q85477$91825
=650  \0$aCantata$1http://www.wikidata.org/entity/Q174873$921603
=651  \0$aHamburg (Germany)$1http://www.wikidata.org/entity/Q1055$921940
=942  \\$cBOO
=952  \\$00$10$2ddc$40$6BIO_TELE_E$70$8BIO$99277$aORPH$bORPH$cKTS1_P$d2020-07-08$eKoopman$i23C01$oBIO TELE e$p20128591$r2021-01-12 00:00:00$w2021-01-12$yBOO
=999  \\$d9287

