=LDR  01088cam a2200265 a 4500
=001  9288
=005  20250120120543.0
=008  991129s1998\\\\it\a\\\\\b\\\\000\0\ita\c
=010  \\$a   00355635 
=020  \\$a8882151247
=035  \\$a(OCoLC)ocm42911513
=040  \\$aC3L$cC3L$dUMC$dDLC
=042  \\$apcc
=045  \\$ao0s9
=100  \\$aMaetzke, Anna Maria$912532
=245  10$aIntroduzione ai capolavori di Piero della Francesca /$cAnna Maria Maetzke ; fotografie di Alessandro Benci.
=246  30$aPiero della Francesca
=260  \\$aCinisello Balsamo (Milano) :$bSilvana,$cc1998.
=300  \\$a301 p. :$bill. (some col.) ;$c33 cm.
=504  \\$aIncludes bibliographical references (p. 292-301).
=600  \0$aPiero della Francesca$d1416?-1492$1http://www.wikidata.org/entity/Q5822$923520
=700  \\$aPiero della Francesca$d1416?-1492$1http://www.wikidata.org/entity/Q5822$923520
=942  \\$cBOO
=952  \\$00$10$2ddc$40$6BIO_PIER_D$70$8BIO$99278$aORPH$bORPH$cKTS1_P$d2020-07-08$eKoopman$i29F08$oBIO PIER d$p20121274$r2021-01-12 00:00:00$w2021-01-12$yBOO$OKoopman
=999  \\$c9288$d9288

