=LDR  01144aaa a2200217   4500
=001  9290
=008  221209s2011\\\\||||||||\||||\00|\0\ita\d
=041  \\$aita
=100  \\$aMagarelli, G.$4aut$912537
=245  \\$aAd utilitatem ecclesiæ Sanctæ Mariæ de Martyribus:$bLa tradizione liturgico-musicale del Santuario di Santa Maria dei Martiri di Molfetta in un codice del XVIII secolo
=246  \1$aAd utilitatem ecclesiae Sanctae Mariae de Martyribus
=260  \\$aBari$c2011
=500  \\$aOffprint, pp. 307-344
=610  \0$aBasilica della Madonna dei Martiri (Molfetta, Italy)$1http://www.wikidata.org/entity/Q1161471$925446
=648  \0$a18th Century (1701-1800)$1http://www.wikidata.org/entity/Q7015$920899
=650  \0$aCatholicism$1http://www.wikidata.org/entity/Q1841$921631
=650  \0$aChurch music$1http://www.wikidata.org/entity/Q8812109$92283
=651  \0$aMolfetta (Italy)$1http://www.wikidata.org/entity/Q19300$925447
=942  \\$cBOO
=952  \\$00$10$2ddc$40$6TOP_IT_MOL_5_000000000000000$70$8TOP$99280$aORPH$bORPH$cKTS0$d2020-07-08$eKoopman$i47D33$l0$oTOP IT.MOL 5$p20123682$r2021-01-12 00:00:00$w2021-01-12$yBOO$OKoopman
=999  \\$d9290

