=LDR  01057aam a2200229   4500
=001  9294
=008  230524s1986\\\\|||o||||\||||\00|\0\ger\d
=041  \\$ager
=100  1\$aMagirius, Heinrich$d1934-2021$1http://www.wikidata.org/entity/Q1598243$4aut$912540
=245  \\$aDer Dom zu Freiberg
=260  \\$aLeipzig$bKoehler und Amelang$c1986
=300  \\$a242 pages
=534  \\$aOriginally published in 1977
=561  \\$aHandwritten dedication to Ton Koopman
=610  \0$aDom (Freiberg, Germany)$1http://www.wikidata.org/entity/Q592392$922940
=648  \0$aMiddle Ages (500-1400)$1http://www.wikidata.org/entity/Q12554$920964
=650  \0$1http://www.wikidata.org/entity/Q16970$aChurch$93776
=651  \0$1http://www.wikidata.org/entity/Q14819$aFreiberg (Germany)$922938
=700  1\$1http://www.wikidata.org/entity/Q55937557$4pht$aBeyer, Klaus G.$d1922-$926234
=942  \\$cBOO
=952  \\$00$10$2ddc$40$6TOP_DE_FRE2$70$8TOP$99284$aORPH$bORPH$cKTS0$d2020-07-08$eKoopman$i31B22$l0$oTOP DE.FRE2$p20121108$r2021-01-12 00:00:00$w2021-01-12$yBOO$OKoopman
=999  \\$d9294

