=LDR  01627cam a2200301 a 4500
=001  9295
=008  091029s2009\\\\\\\aoe\\\b\\\\001\0\ger\\
=041  \\$ager
=100  1\$aMagirius, Heinrich$d1934-2021$4aut$1http://www.wikidata.org/entity/Q1598243$912540
=245  14$aDie evangelische Schlosskapelle zu Dresden aus kunstgeschichtlicher Sicht
=260  \\$aAltenburg$bKamprad$c2009
=300  \\$a127 pages
=490  0\$aSächsische Studien zur älteren Musikgeschichte$v2
=504  \\$aIncludes bibliographical references (p. 113-119) and index.
=610  \0$aSchlosskapelle Dresden (Germany)$1http://www.wikidata.org/entity/Q2244534$91459
=610  \0$aResidenzschloss Dresden (Germany)$1http://www.wikidata.org/entity/Q167314$91294
=648  \0$a16th Century (1501-1600)$1http://www.wikidata.org/entity/Q7017$920944
=648  \0$a21st Century (2001-2100)$1http://www.wikidata.org/entity/Q6939$920812
=650  \0$aArchitecture$1http://www.wikidata.org/entity/Q12271$93185
=650  \0$aCatholicism$1http://www.wikidata.org/entity/Q1841$921631
=650  \0$aFine art$1http://www.wikidata.org/entity/Q219625$921579
=650  \0$aCultural history$1http://www.wikidata.org/entity/Q858517$922395
=650  \0$aCultural property$1http://www.wikidata.org/entity/Q2065736$927081
=650  \0$aChurch$1http://www.wikidata.org/entity/Q16970$93776
=651  \0$aDresden (Germany)$1http://www.wikidata.org/entity/Q1731$947
=942  \\$cBOO
=952  \\$00$10$2ddc$40$6TOP_DE_DRE_4_000000000000000$70$8TOP$99285$aORPH$bORPH$cKTS0$d2020-07-08$eKoopman$i38C12$oTOP DE.DRE 4$p20120437$r2021-01-12 00:00:00$w2021-01-12$yBOO
=999  \\$d9295

