=LDR  01328aam a2200241   4500
=001  9296
=008  240607s2006\\\\|||h||||\||||\00|\0\eng\d
=041  \\$aeng
=100  \\$aMaguire, S.$912541$4aut
=245  \\$aJohann Jacob Froberger:$bA hitherto unrecorded authograph manuscript volume containing thirty-five keyboard pieces, eighteen completely new, undocumented and unpublished
=260  \\$aLondon$bSotheby's$c2006
=590  \\$aLot 50 in the sale of Music an Continental Manuscripts L06409 London, Thursday 30 November 2006 (Sotheby's)
=600  \0$aFroberger, Johann Jacob$d1616-1667$1http://www.wikidata.org/entity/Q60724$914063
=648  \0$a17th Century (1601-1700)$1http://www.wikidata.org/entity/Q7016$920923
=650  \0$aKeyboard music$1http://www.wikidata.org/entity/Q105715630$921412
=650  \0$aManuscript$1http://www.wikidata.org/entity/Q87167$92275
=651  \0$aGermany$1http://www.wikidata.org/entity/Q183$9155
=700  \\$aRoe, S.$4ctb$927414
=700  \\$aWollny, Peter$d1961-$1http://www.wikidata.org/entity/Q95339065$4ctb$915578
=710  \\$aSotheby's$1http://www.wikidata.org/entity/Q654762$4auc$922376
=942  \\$cBOO
=952  \\$00$10$2ddc$40$6BIO_FROB2_B$70$8BIO$99286$aORPH$bORPH$cKTS1_P$d2020-07-08$eKoopman$i33E67$oBIO FROB2 b$p20120924$r2021-01-12 00:00:00$w2021-01-12$yBOO$OKoopman
=999  \\$d9296

