=LDR  01124cam a2200229 i 4500
=001  9297
=008  140124s2013\\\\gw\a\\\\\b\\\\001\0dger\c
=041  \\$ager
=100  \\$aMahr, Stefan$d-1972$4aut$912542
=245  14$aNorddeutsche Orgelbauer und ihre Werke. Die Hildesheimer Orgelbauer Johann Georg und Johann Conrad Müller
=264  \1$aBerlin $bPape Verlag$c2013
=300  \\$a534 pages $billustrations $c30 cm
=490  1\$aNorddeutsche Orgelbauer und ihre Werke$v9
=504  \\$aIncludes bibliographical references (pages 499-513) and index.
=600  \0$aMüller, Johann Georg$dc. 1670-c. 1750$912543
=600  \0$aMüller, Johann Conrad$d1704/17-1798$1http://www.wikidata.org/entity/Q43378670$912544
=650  \0$aOrgan$1http://www.wikidata.org/entity/Q1444$92810
=650  \0$aOrganology$1http://www.wikidata.org/entity/Q899293$921400
=651  \0$aGermany$1http://www.wikidata.org/entity/Q183$9155
=942  \\$cBOO
=952  \\$00$10$2ddc$40$6INS_3_000000000000000_1B_MÜLL$70$8INS$99287$aORPH$bORPH$cKTS0$d2020-07-08$eKoopman$i24G69$l0$oINS3.1b MÜLL$p20129286$r2021-01-12 00:00:00$w2021-01-12$yBOO$OKoopman
=999  \\$d9297

