=LDR  01173nam a2200253 c 4500
=001  9298
=005  20250926134855.0
=008  031210s1950\\\\\\\\\\\\\||||\00|||\ger\d
=040  \\$aOI
=041  0\$ager
=100  1\$aMahrenholz, Christhard$d1900-1980$4aut
=245  10$aJohann Sebastian Bach und der Gottesdienst seiner Zeit.$bVortrag auf dem Bachfest zu Göttingen am 25. Juli 1950
=260  \\$aKassel$bBärenreiter$c1950
=300  \\$a16 pages
=600  \0$aBach, Johann Sebastian$d1685-1750$1http://www.wikidata.org/entity/Q1339$94766
=648  \0$a17th Century (1601-1700)$1http://www.wikidata.org/entity/Q7016$920923
=648  \0$a18th Century (1701-1800)$1http://www.wikidata.org/entity/Q7015$920899
=650  \0$aComposer$1http://www.wikidata.org/entity/Q36834$93625
=650  \0$aLutheranism$1http://www.wikidata.org/entity/Q75809$923975
=650  \0$aPietism$1http://www.wikidata.org/entity/Q193664$923132
=651  \0$aGermany$1http://www.wikidata.org/entity/Q183$9155
=942  \\$cBOO
=952  \\$00$10$40$6BIO_BACH1_E$70$8BIO$99288$aORPH$bORPH$cKTS1_P$d2020-07-08$eKoopman$i31E08$oBIO BACH1 e$p20123223$r2021-01-12 00:00:00$w2021-01-12$yBOO$OKoopman
=999  \\$d9298

