=LDR  01339aam a2200289   4500
=001  9301
=005  20250925143258.0
=008  220120s1959\\\\fr\af|||\||||\00|\0\fre\d
=041  \\$afre
=100  \\$aMaingot, Éliane$4aut$912547
=245  \\$aLes Automates
=260  \\$aParis$bHachette$c1959
=300  \\$a96 pages$billustrations (some color)
=490  \\$aTout par l'image
=600  \0$aVaucanson, Jacques de$d1709-1782$95299
=610  \0$aJaquet-Droz (Neuchâtel, Switzerland)$1http://www.wikidata.org/entity/Q3162263$926865
=648  \0$a18th Century (1701-1800)$1http://www.wikidata.org/entity/Q7015$920899
=648  \0$a19th Century (1801-1900)$1http://www.wikidata.org/entity/Q6955$920935
=648  \0$a20th Century (1901-2000)$1http://www.wikidata.org/entity/Q6927$920936
=650  \1$aAutomaton$1http://www.wikidata.org/entity/Q787116$923484
=650  \0$aMechanical device$1http://www.wikidata.org/entity/Q1882685$92247
=650  \0$aMechanical musical instrument$1http://www.wikidata.org/entity/Q8614972$926213
=651  \0$aEurope$1http://www.wikidata.org/entity/Q46$991
=700  \\$aChapuis, Alfred$4dte$910184
=942  \\$cBOO
=952  \\$00$10$2ddc$40$6INS_10_000000000000000_9A_MAIN$70$8INS$99291$aORPH$bORPH$cKTS0$d2020-07-08$eKoopman$i33G07$oINS10.9a MAIN$p20122703$r2021-01-12 00:00:00$w2021-01-12$yBOO
=999  \\$d9301

