=LDR  01247aam a2200217   4500
=001  9302
=008  250602s1979\\\\|||q||||\||||\00|\0\fre\d
=041  \\$afre
=100  \\$aMainjonet, M.$912548$4edt
=245  \\$aBulletin de la Bibliothèque Nationale :$n4e année - no. 4 - décembre 1979
=260  \\$c1979$aParis$bBibliothèque Nationale
=300  \\$a56 pages
=505  \\$g(selection) La collection musicale Toulouse-Philidor à la Bibliothèque Nationale, par Catherine Massip - Les écrivains et leurs manuscrits, par Roger Pierrot - A propos de la Bibliothèque-Musée de la Comédie-Française, par Noëlle Guibert - Poulbot aurait cent ans (1re partie), par Gisèle Lambert 
=610  \0$aBibliothèque nationale de France (Paris)$1http://www.wikidata.org/entity/Q193563$91301
=650  \0$aLibrary$1http://www.wikidata.org/entity/Q7075$94229
=651  \0$aParis (France)$1http://www.wikidata.org/entity/Q90$9160
=700  \\$aMassip, Catherine$1http://www.wikidata.org/entity/Q2941994$4ctb$919701
=700  \\$aPierrot, Roger$4ctb$940291
=942  \\$cBOO
=952  \\$00$10$2ddc$40$6BIB_4_000000000000000_FR_PAR$70$8BIB$99292$aORPH$bORPH$cKTS0$d2020-07-08$eKoopman$i38C40$l0$oBIB4 FR.PAR$p20120410$r2021-01-12 00:00:00$yBOO$OKoopman
=999  \\$d9302

