=LDR  01274aam a2200265   4500
=001  9303
=008  250521r19641760||||||||\||||\00|\0beng\d
=041  \\$aeng
=100  \\$aMainwaring, John$d1724-1807$98431$4aut
=245  \\$aMemoirs of the life of the late George Frederic Handel
=260  \\$aAmsterdam$bKnuf$c1964
=500  \\$aFacsimile
=534  \\$cLondon, 1760
=590  \\$aTo which is added, a catalogue of his works, and observations upon them
=600  \0$aHandel, George Frideric$d1685-1759$1http://www.wikidata.org/entity/Q7302$94765
=648  \0$a17th Century (1601-1700)$1http://www.wikidata.org/entity/Q7016$920923
=648  \0$a18th Century (1701-1800)$1http://www.wikidata.org/entity/Q7015$920899
=650  \0$aComposer$1http://www.wikidata.org/entity/Q36834$93625
=650  \0$aBiography$1http://www.wikidata.org/entity/Q36279$91927
=651  \0$aHalle (Saale, Germany)$1http://www.wikidata.org/entity/Q2814$921799
=651  \0$aItaly$1http://www.wikidata.org/entity/Q38$922
=651  \0$aLondon (United Kingdom)$1http://www.wikidata.org/entity/Q84$9123
=942  \\$cBOO
=952  \\$00$10$2ddc$40$6BIO_HAND_A$70$8BIO$99293$aORPH$bORPH$cKTS1_P$d2020-07-08$eKoopman$i31D39$l0$oBIO HAND a$p20121043$r2021-01-12 00:00:00$w2021-01-12$yBOO$OKoopman
=999  \\$d9303

