=LDR  00380    a2200121   4500
=001  9304
=020  \\$a9789045031842
=100  \\$aMak, G.$912550
=245  \\$aDe levens van Jan Six
=260  \\$c2016
=942  \\$cBOO
=952  \\$00$10$2ddc$40$6BIO_SIX_D$70$8BIO$99294$aORPH$bORPH$cKTS1_P$d2020-07-08$eKoopman$i47D14$oBIO SIX d$p20123700$r2021-01-12 00:00:00$w2021-01-12$yBOO$OKoopman
=999  \\$c9304$d9304

